% Where to check JCR: http://jcr.fecyt.es/
% Where to check conferences: http://gii-grin-scie-rating.scie.es/

@inproceedings{Stiven-Zapata2019,
  author                = {Brayan Stiven Zapata{-}Impata and Alberto Garcia{-}Garcia and Sergio Orts{-}Escolano and Pablo Gil and Jos{\'{e}} Garc{\'{\i}}a Rodr{\'{\i}}guez},
  title                 = {{Tactile Graphs for Grasp Stability Prediction}},
  year                  = {2019},
  maintitle             = {International Conference on Learning Representations (ICLR)},
  booktitle             = {Workshop on Representation Learning on Graphs and Manifolds},
}

@inproceedings{Garcia-Garcia2019b,
  author                = {Garcia-Garcia, Alberto and Martinez-Gonzalez, Pablo and Oprea, Sergiu and Castro-Vargas, John Alejandro and Orts-Escolano, Sergio and Garcia-Rodriguez, Jose and Jover-Alvarez, Alvaro},
  title                 = {{The RobotriX: A Large-scale Dataset of Embodied Robots in Virtual Reality}},
  year                  = {2019},
  maintitle             = {International Conference on Computer Vision and Pattern Recognition (CVPR)},
  booktitle             = {Workshop on 3D Scene Generation},
}

@article{Garcia-Garcia2019,
  author                = {Alberto Garcia{-}Garcia and Brayan Stiven Zapata{-}Impata and Sergio Orts{-}Escolano and Pablo Gil and Jos{\'{e}} Garc{\'{\i}}a Rodr{\'{\i}}guez},
  title                 = {TactileGCN: {A} Graph Convolutional Network for Predicting Grasp Stability with Tactile Sensors},
  journal               = {CoRR},
  volume                = {abs/1901.06181},
  year                  = {2019},
}

@article{Oprea2019,
	author 				= {Sergiu Oprea and Pablo Martinez-Gonzalez and Alberto Garcia-Garcia and John A. Castro-Vargas and Sergio Orts-Escolano and Jose Garcia-Rodriguez},
	title 				= {A Visually Realistic Grasping System for Object Manipulation and Interaction in Virtual Reality Environments},
	journal 			= {Computers and Graphics},
	volume 				= {83},
	pages 				= {77 - 86},
	year 				= {2019},
	issn 				= {0097-8493},
}

@article{Martinez-Gonzalez2018,
  author                = {Pablo Martinez{-}Gonzalez and Sergiu Oprea and Alberto Garcia{-}Garcia and Alvaro Jover{-}Alvarez and Sergio Orts{-}Escolano and Jos{\'{e}} Garc{\'{\i}}a Rodr{\'{\i}}guez},
  title                 = {UnrealROX: An eXtremely Photorealistic Virtual Reality Environment for Robotics Simulations and Synthetic Data Generation},
  journal				= {Virtual Reality},
  year					= {2019},
  issn					= {1434-9957},
}

@InProceedings{Garcia-Garcia2018,
  author              = {Garcia-Garcia, Alberto and Martinez-Gonzalez, Pablo and Oprea, Sergiu and Castro-Vargas, John Alejandro and Orts-Escolano, Sergio and Garcia-Rodriguez, Jose and Jover-Alvarez, Alvaro},
  title               = {The RobotriX: An eXtremely Photorealistic and Very-Large-Scale Indoor Dataset of Sequences with Robot Trajectories and Interactions},
  booktitle           = {2018 IEEE/RSJ International Conference on Intelligent Robots and Systems (IROS)},
  pages               = {6790--6797},
  year                = {2018},
  organization        = {IEEE},
  ggs_class           = {1},
  gcs_rating          = {A+},
}

@InProceedings{Oprea2017b,
  author              = {Sergiu Oprea and Alberto Garcia-Garcia and Jose Garcia-Rodriguez and Sergio Orts-Escolano and Miguel Cazorla},
  title               = {A Recurrent Neural Network based Schaeffer Gesture Recognition System},
  booktitle           = {2017 International Joint Conference on Neural Networks, {IJCNN} 2017, Anchorage, Alaska, May 14-19, 2017},
  year                = {2017},
  ggs_class           = {2},
  ggs_rating          = {A-},
}

@InProceedings{Gomez-Donoso2017b,
  author              = {Francisco Gomez-Donoso and Alberto Garcia-Garcia and Jose Garcia-Rodriguez and Sergio Orts-Escolano and Miguel Cazorla},
  title               = {LonchaNet: A Sliced-based CNN Architecture for Real-time 3D Object Recognition},
  booktitle           = {2017 International Joint Conference on Neural Networks, {IJCNN} 2017, Anchorage, Alaska, May 14-19, 2017},
  year                = {2017},
  ggs_class           = {2},
  ggs_rating          = {A-},
  show_website        = {True},
}

@InProceedings{Castro-Vargas2017,
  author              = {John Alejandro Castro-Vargas and Alberto Garcia-Garcia and Sergiu Oprea and Sergio Orts-Escolano and Jose Garcia-Rodriguez},
  title               = {Detecting and Manipulating Objects with a Social Robot: An Ambient Assisted Living Approach},
  booktitle           = {{ROBOT} 2017: Third Iberian Robotics Conference - Volume 1, Seville, Spain, November 22-24, 2017},
  year                = {2017},
  pages               = {613--624},
}

@Article{Garcia-Garcia2017b,
  author              = {Alberto Garcia-Garcia and Sergio Orts-Escolano and Sergiu Oprea and Victor Villena-Martinez and Pablo Martinez-Gonzalez and Jose Garcia-Rodriguez},
  title               = {A Review on Deep Learning Techniques Applied to Semantic Segmentation},
  journal             = {Applied Soft Computing},
  volume              = {70},
  pages               = {41 - 65},
  year                = {2018},
  issn                = {1568-4946}
}

@Article{Garcia-Garcia2017,
  author              = {Alberto Garcia-Garcia and Jose Garcia-Rodriguez and Sergio Orts-Escolano and Sergiu Oprea and Francisco Gomez-Donoso and Miguel Cazorla},
  title               = {A study of the effect of noise and occlusion on the accuracy of convolutional neural networks applied to 3D object recognition},
  journal             = {Computer Vision and Image Understanding},
  year                = {2017},
  volume              = {164},
  pages               = {124--134},
  category            = {COMPUTER SCIENCE, ARTIFICIAL INTELLIGENCE},
  impact_factor_5year = {2.595},
  impact_factor_year  = {2.498},
  position            = {41/133},
  quartile            = {Q2},
}

@Article{Gomez-Donoso2017,
  author              = {Francisco Gomez-Donoso and Sergio Orts-Escolano and Alberto Garcia-Garcia and Jose Garcia-Rodriguez and John Alejandro Castro-Vargas and Sergiu Ovidiu-Oprea and Miguel Cazorla},
  title               = {A robotic platform for customized and interactive rehabilitation of persons with disabilities},
  journal             = {Pattern Recognition Letters},
  year                = {2017},
  volume              = {99},
  pages               = {105--113},
  category            = {COMPUTER SCIENCE, ARTIFICIAL INTELLIGENCE},
  impact_factor_5year = {2.164},
  impact_factor_year  = {1.995},
  position            = {58/133},
  quartile            = {Q2},
}

@Article{Cano2017,
  author              = {Gaspar Cano and Jose Garcia-Rodriguez and Sergio Orts-Escolano and Alberto Garcia-Garcia and Jorge Peña-Garcia and Alfonso Perez-Garrido and Horacio Perez-Sanchez},
  title               = {Predicción de solubilidad de fármacos usando máquinas de soporte vectorial sobre unidades de procesamiento gráfico},
  journal             = {Revista Internacional de Métodos Numéricos para Cálculo y Diseño en Ingeniería},
  year                = {2017},
  volume              = {33},
  number              = {1},
  pages               = {97 - 102},
  issn                = {0213-1315},
  category            = {ENGINEERING, MULTIDISCIPLINARY},
  impact_factor_5year = {0.345},
  impact_factor_year  = {0.431},
  keywords            = {Máquinas de Soporte Vectorial, Unidades de Procesamiento Gráfico, Bioinformática, Biología Computacional, Support Vector Machines, Graphic Processor Units, Bioinformatics, Computational Biology},
  position            = {74/85},
  quartile            = {Q4},
}

@Article{Oprea2017,
  author              = {Sergiu Oprea and Alberto Garcia‐Garcia and Sergio Orts‐Escolano and Victor Villena‐Martinez and John Castro‐Vargas},
  title               = {A long short-term memory based Schaeffer gesture recognition system},
  journal             = {Expert Systems},
  year                = {2017},
  category            = {COMPUTER SCIENCE, ARTIFICIAL INTELLIGENCE},
  impact_factor_5year = {1.180},
  impact_factor_year  = {1.188},
  position            = {91/133},
  quartile            = {Q3},
  show_website        = {True},
}

@InCollection{Garcia-Garcia2016d,
  author              = {Garcia, Alberto Garcia and Beckmann, Andreas and Kabadshow, Ivo},
  title               = {Accelerating an FMM-Based Coulomb Solver with GPUs},
  booktitle           = {Software for Exascale Computing (SPPEXA) 2013-2015},
  pages               = {485--504},
  year                = {2016},
  publisher           = {Springer},
}

@article{Mora2016,
  author              = {Mora, Higinio and Mora-Pascual, Jer{\'o}nimo M and Garcia-Garcia, Alberto and Mart{\'\i}nez-Gonz{\'a}lez, Pablo},
  title               = {Computational analysis of distance operators for the iterative closest point algorithm},
  journal             = {PloS one},
  volume              = {11},
  number              = {10},
  year                = {2016},
  publisher           = {Public Library of Science},
  impact_factor_year  = {2.766},
  position            = {15/64},
  quartile            = {Q1},
}

@InProceedings{Garcia-Garcia2016c,
  author              = {Alberto Garcia-Garcia and Francisco Gomez-Donoso and Jose Garcia-Rodriguez and Sergio Orts-Escolano and Miguel Cazorla and Jorge Azorin Lopez},
  title               = {PointNet: A 3D Convolutional Neural Network for real-time object class recognition},
  booktitle           = {2016 International Joint Conference on Neural Networks, {IJCNN} 2016, Vancouver, BC, Canada, July 24-29, 2016},
  year                = {2016},
  pages               = {1578--1584},
  ggs_class           = {2},
  ggs_rating          = {A-},
  show_website        = {True},
}


@Article{Garcia-Garcia2016b,
  author              = {Alberto Garcia-Garcia and Sergio Orts-Escolano and Sergiu Oprea and Jose Garcia-Rodriguez and Jorge Azorin-Lopez and Marcelo Saval-Calvo and Miguel Cazorla},
  title               = {Multi-sensor 3D object dataset for object recognition with full pose estimation},
  journal             = {Neural Computing and Applications},
  year                = {2016},
  volume              = {28},
  pages               = {941--952},
  issn                = {1433-3058},
  category            = {COMPUTER SCIENCE, ARTIFICIAL INTELLIGENCE},
  impact_factor_5year = {2.012},
  impact_factor_year  = {2.505},
  position            = {40/133},
  quartile            = {Q2},
  show_website        = {True},
}

@Article{Saval-Calvo2016,
  author              = {Marcelo Saval-Calvo and Jorge Azorin-Lopez and Andres Fuster-Guillo and Jose Garcia-Rodriguez and Sergio Orts-Escolano and Alberto Garcia-Garcia},
  title               = {Evaluation of sampling method effects in 3D non-rigid registration},
  journal             = {Neural Computing and Applications},
  year                = {2016},
  volume              = {28},
  pages               = {953--967},
  issn                = {1433-3058},
  category            = {COMPUTER SCIENCE, ARTIFICIAL INTELLIGENCE},
  impact_factor_5year = {2.012},
  impact_factor_year  = {2.505},
  position            = {40/133},
  quartile            = {Q2},
  show_website        = {True},
}


@Article{Orts-Escolano2016,
  author              = {Sergio Orts-Escolano and Jose Garcia-Rodriguez and Miguel Cazorla and Vicente Morell and Jorge Azorin-Lopez and Marcelo Saval-Calvo and Alberto Garcia-Garcia and Victor Villena-Martinez},
  title               = {Bioinspired point cloud representation: 3D object tracking},
  journal             = {Neural Computing and Applications},
  year                = {2016},
  volume              = {29},
  pages               = {663--672},
  month               = {Sep},
  issn                = {1433-3058},
  category            = {COMPUTER SCIENCE, ARTIFICIAL INTELLIGENCE},
  day                 = {16},
  impact_factor_5year = {2.012},
  impact_factor_year  = {2.505},
  position            = {40/133},
  quartile            = {Q2},
}

@Article{Garcia-Garcia2016,
  author              = {Alberto Garcia-Garcia and Sergio Orts-Escolano and Jose Garcia-Rodriguez and Miguel Cazorla},
  title               = {Interactive 3D object recognition pipeline on mobile GPGPU computing platforms using low-cost RGB-D sensors},
  journal             = {Journal of Real-Time Image Processing},
  year                = {2016},
  volume              = {14},
  pages               = {585--604},
  month               = {Jun},
  issn                = {1861-8219},
  category            = {COMPUTER SCIENCE, ARTIFICIAL INTELLIGENCE},
  day                 = {04},
  impact_factor_5year = {1.797},
  impact_factor_year  = {2.010},
  position            = {54/133},
  quartile            = {Q2},
}

@InProceedings{Orts-Escolano2015b,
  author              = {Sergio Orts-Escolano and Jose Garcia Rodriguez and Vicente Morell and Miguel Cazorla and Alberto Garcia-Garcia and Sergiu Oprea},
  title               = {Optimized Representation of 3D Sequences Using Neural Networks},
  booktitle           = {Bioinspired Computation in Artificial Systems - International Work-Conference on the Interplay Between Natural and Artificial Computation, {IWINAC} 2015, Elche, Spain, June 1-5, 2015, Proceedings, Part {II}},
  year                = {2015},
  pages               = {251--260},
  crossref            = {DBLP:conf/iwinac/2015-2},
}

@Article{Orts-Escolano2015,
  author              = {Sergio Orts-Escolano and Jose Garcia-Rodriguez and Vicente Morell and Miguel Cazorla and Jose Antonio Serra-Perez and Alberto Garcia-Garcia},
  title               = {3D Surface Reconstruction of Noisy Point Clouds Using Growing Neural Gas: 3D Object/Scene Reconstruction},
  journal             = {Neural Processing Letters},
  year                = {2015},
  volume              = {43},
  pages               = {401--423},
  category            = {COMPUTER SCIENCE, ARTIFICIAL INTELLIGENCE},
  impact_factor_5year = {1.503},
  impact_factor_year  = {1.747},
  position            = {49/130},
  quartile            = {Q2},
}

@Article{Orts-Escolano2014,
  author              = {Sergio Orts-Escolano and Jose Garcia-Rodriguez and Jose Antonio Serra-Perez and Antonio Jimeno-Morenilla and Alberto Garcia-Garcia and Vicente Morell and Miguel Cazorla},
  title               = {3D model reconstruction using neural gas accelerated on GPU},
  journal             = {Applied Soft Computing},
  year                = {2014},
  volume              = {32},
  pages               = {87--100},
  category            = {COMPUTER SCIENCE, ARTIFICIAL INTELLIGENCE},
  impact_factor_5year = {3.222},
  impact_factor_year  = {2.810},
  position            = {17/123},
  quartile            = {Q1},
}
