% Encoding: UTF-8
%%%%%%%%%%%%%%%%%%%%% KARVOUNAS%%%%%%%%%%%%%%%%%%%%%
@inproceedings{baek2020weakly,
  title={Weakly-supervised domain adaptation via gan and mesh model for estimating 3d hand poses interacting objects},
  author={Baek, Seungryul and Kim, Kwang In and Kim, Tae-Kyun},
  booktitle={Proceedings of the IEEE/CVF Conference on Computer Vision and Pattern Recognition},
  pages={6121--6131},
  year={2020}
}
@inproceedings{rad2018domain,
  title={Domain transfer for 3d pose estimation from color images without manual annotations},
  author={Rad, Mahdi and Oberweger, Markus and Lepetit, Vincent},
  booktitle={Asian Conference on Computer Vision},
  pages={69--84},
  year={2018},
  organization={Springer}
}







%%%%%%%%%%%%%%%%%%%%%%%%%%%%%%%%%%%%%%%%%%%%%%%%%%%%%%%
@inproceedings{Mao2017,
  author    = {Xudong Mao and Qing Li and Haoran Xie and Raymond Y. K. Lau and Zhen Wang and Stephen Paul Smolley},
  title     = {Least Squares Generative Adversarial Networks},
  booktitle = {{ICCV}},
  pages     = {2813--2821},
  publisher = {{IEEE} Computer Society},
  year      = {2017}
}

@inproceedings{Quattoni2009,
  author    = {Ariadna Quattoni and
               Antonio Torralba},
  title     = {Recognizing indoor scenes},
  booktitle = {{CVPR}},
  pages     = {413--420},
  publisher = {{IEEE} Computer Society},
  year      = {2009}
}

@inproceedings{PNVR2020,
  author    = {Koutilya PNVR and Hao Zhou and David Jacobs},
  title     = {SharinGAN: Combining Synthetic and Real Data for Unsupervised Geometry
               Estimation},
  booktitle = {{CVPR}},
  pages     = {13971--13980},
  publisher = {{IEEE}},
  year      = {2020}
}

@inproceedings{Maximov2020,
  author    = {Maxim Maximov and
               Kevin Galim and
               Laura Leal{-}Taix{\'{e}}},
  title     = {Focus on Defocus: Bridging the Synthetic to Real Domain Gap for Depth
               Estimation},
  booktitle = {{CVPR}},
  pages     = {1068--1077},
  publisher = {{IEEE}},
  year      = {2020}
}

@inproceedings{Lee2020,
  author    = {Sangrok Lee and
               Eunsoo Park and
               Hongsuk Yi and
               Sang Hun Lee},
  title     = {StRDAN: Synthetic-to-Real Domain Adaptation Network for Vehicle Re-Identification},
  booktitle = {{CVPR} Workshops},
  pages     = {2590--2597},
  publisher = {{IEEE}},
  year      = {2020}
}

@inproceedings{Zhang2018,
  author    = {Richard Zhang and Phillip Isola and Alexei A. Efros and Eli Shechtman and Oliver Wang},
  title     = {The Unreasonable Effectiveness of Deep Features as a Perceptual Metric},
  booktitle = {{CVPR}},
  pages     = {586--595},
  publisher = {{IEEE} Computer Society},
  year      = {2018}
}

@inproceedings{Pihlgren2020,
  author    = {Gustav Grund Pihlgren and Fredrik Sandin and Marcus Liwicki},
  title     = {Improving Image Autoencoder Embeddings with Perceptual Loss},
  booktitle = {{IJCNN}},
  pages     = {1--7},
  publisher = {{IEEE}},
  year      = {2020}
}

@inproceedings{Su2019,
  author    = {Yu{-}Zhe Su and
               Tsung{-}Jung Liu and
               Kuan{-}Hsien Liu and
               Hsin{-}Hua Liu and
               Soo{-}Chang Pei},
  title     = {Image Inpainting For Random Areas Using Dense Context Features},
  booktitle = {{ICIP}},
  pages     = {4679--4683},
  publisher = {{IEEE}},
  year      = {2019}
}

@inproceedings{Li2017,
  author    = {Jianan Li and Xiaodan Liang and Yunchao Wei and Tingfa Xu and Jiashi Feng and Shuicheng Yan},
  title     = {Perceptual Generative Adversarial Networks for Small Object Detection},
  booktitle = {{CVPR}},
  pages     = {1951--1959},
  publisher = {{IEEE} Computer Society},
  year      = {2017}
}

@ARTICLE{Wang2020,
  author={Z. {Wang} and J. {Chen} and S. C. H. {Hoi}},
  journal={IEEE Transactions on Pattern Analysis and Machine Intelligence}, 
  title={Deep Learning for Image Super-resolution: A Survey}, 
  year={2020},
  volume={},
  number={},
  pages={1-1},
  doi={10.1109/TPAMI.2020.2982166}}

@inproceedings{Ulyanov2016,
  author    = {Dmitry Ulyanov and Vadim Lebedev and Andrea Vedaldi and Victor S. Lempitsky},
  title     = {Texture Networks: Feed-forward Synthesis of Textures and Stylized
               Images},
  booktitle = {{ICML}},
  series    = {{JMLR} Workshop and Conference Proceedings},
  volume    = {48},
  pages     = {1349--1357},
  publisher = {JMLR.org},
  year      = {2016}
}

@article{Hwang2020,
  author    = {Hochul Hwang and Cheongjae Jang and Geonwoo Park and Junghyun Cho and Ig{-}Jae Kim},
  title     = {ElderSim: {A} Synthetic Data Generation Platform for Human Action Recognition in Eldercare Applications},
  journal   = {CoRR},
  volume    = {abs/2010.14742},
  year      = {2020}
}

@inproceedings{Binkowski2018,
  author    = {Mikolaj Binkowski and Danica J. Sutherland and Michael Arbel and Arthur Gretton},
  title     = {Demystifying {MMD} GANs},
  booktitle = {{ICLR} (Poster)},
  publisher = {OpenReview.net},
  year      = {2018}
}

@inproceedings{Heusel2017,
  author    = {Martin Heusel and Hubert Ramsauer and Thomas Unterthiner and Bernhard Nessler and Sepp Hochreiter},
  title     = {GANs Trained by a Two Time-Scale Update Rule Converge to a Local Nash Equilibrium},
  booktitle = {{NIPS}},
  pages     = {6626--6637},
  year      = {2017}
}

@inproceedings{Shmelkov2018,
  author    = {Konstantin Shmelkov and Cordelia Schmid and Karteek Alahari},
  title     = {How Good Is My GAN?},
  booktitle = {{ECCV} {(2)}},
  series    = {Lecture Notes in Computer Science},
  volume    = {11206},
  pages     = {218--234},
  publisher = {Springer},
  year      = {2018}
}

@article{Xu2018,
  author    = {Qiantong Xu and Gao Huang and Yang Yuan and Chuan Guo and Yu Sun and Felix Wu and Kilian Q. Weinberger},
  title     = {An empirical study on evaluation metrics of generative adversarial
               networks},
  journal   = {CoRR},
  volume    = {abs/1806.07755},
  year      = {2018}
}

@article{Dosovitskiy2020,
  author    = {Alexey Dosovitskiy and Lucas Beyer and Alexander Kolesnikov and Dirk Weissenborn and Xiaohua Zhai and Thomas Unterthiner and Mostafa Dehghani and Matthias Minderer and Georg Heigold and Sylvain Gelly and Jakob Uszkoreit and Neil Houlsby},
  title     = {An Image is Worth 16x16 Words: Transformers for Image Recognition
               at Scale},
  journal   = {CoRR},
  volume    = {abs/2010.11929},
  year      = {2020}
}

@article{Wang2018,
  author    = {Chaoyue Wang and Chang Xu and Chaohui Wang and Dacheng Tao},
  title     = {Perceptual Adversarial Networks for Image-to-Image Transformation},
  journal   = {{IEEE} Trans. Image Process.},
  volume    = {27},
  number    = {8},
  pages     = {4066--4079},
  year      = {2018}
}

@inproceedings{Ronneberger2015,
  author    = {Olaf Ronneberger and Philipp Fischer and Thomas Brox},
  title     = {U-Net: Convolutional Networks for Biomedical Image Segmentation},
  booktitle = {{MICCAI} {(3)}},
  series    = {Lecture Notes in Computer Science},
  volume    = {9351},
  pages     = {234--241},
  publisher = {Springer},
  year      = {2015}
}

@INPROCEEDINGS{Hasson2019,
  title     = {Learning joint reconstruction of hands and manipulated objects},
  author    = {Hasson, Yana and Varol, G{\"u}l and Tzionas, Dimitrios and Kalevatykh, Igor and Black, Michael J. and Laptev, Ivan and Schmid, Cordelia},
  booktitle = {CVPR},
  year      = {2019}
}

@inproceedings{He2016,
  author    = {Kaiming He and Xiangyu Zhang and Shaoqing Ren and Jian Sun},
  title     = {Deep Residual Learning for Image Recognition},
  booktitle = {{CVPR}},
  pages     = {770--778},
  publisher = {{IEEE} Computer Society},
  year      = {2016}
}

@inproceedings{Isola2017,
  author    = {Phillip Isola and Jun{-}Yan Zhu and Tinghui Zhou and Alexei A. Efros},
  title     = {Image-to-Image Translation with Conditional Adversarial Networks},
  booktitle = {{CVPR}},
  pages     = {5967--5976},
  publisher = {{IEEE} Computer Society},
  year      = {2017}
}

@inproceedings{Simonyan2015,
  author    = {Karen Simonyan and Andrew Zisserman},
  title     = {Very Deep Convolutional Networks for Large-Scale Image Recognition},
  booktitle = {{ICLR}},
  year      = {2015}
}

@inproceedings{Johnson2016,
  author    = {Justin Johnson and Alexandre Alahi and Li Fei{-}Fei},
  title     = {Perceptual Losses for Real-Time Style Transfer and Super-Resolution},
  booktitle = {{ECCV} {(2)}},
  series    = {Lecture Notes in Computer Science},
  volume    = {9906},
  pages     = {694--711},
  publisher = {Springer},
  year      = {2016}
}

@inproceedings{Sungatullina2018,
  author    = {Diana Sungatullina and Egor Zakharov and Dmitry Ulyanov and Victor S. Lempitsky},
  title     = {Image Manipulation with Perceptual Discriminators},
  booktitle = {{ECCV} {(6)}},
  series    = {Lecture Notes in Computer Science},
  volume    = {11210},
  pages     = {587--602},
  publisher = {Springer},
  year      = {2018}
}

@article{Tompson2014,
  author    = {Jonathan Tompson and
               Murphy Stein and
               Yann LeCun and
               Ken Perlin},
  title     = {Real-Time Continuous Pose Recovery of Human Hands Using Convolutional
               Networks},
  journal   = {{ACM} Trans. Graph.},
  volume    = {33},
  number    = {5},
  pages     = {169:1--169:10},
  year      = {2014}
}

@inproceedings{Sridhar2015,
  author    = {Srinath Sridhar and
               Franziska Mueller and
               Antti Oulasvirta and
               Christian Theobalt},
  title     = {Fast and robust hand tracking using detection-guided optimization},
  booktitle = {{CVPR}},
  pages     = {3213--3221},
  publisher = {{IEEE} Computer Society},
  year      = {2015}
}

@inproceedings{Oberweger2016,
  author    = {Markus Oberweger and
               Gernot Riegler and
               Paul Wohlhart and
               Vincent Lepetit},
  title     = {Efficiently Creating 3D Training Data for Fine Hand Pose Estimation},
  booktitle = {{CVPR}},
  pages     = {4957--4965},
  publisher = {{IEEE} Computer Society},
  year      = {2016}
}

@inproceedings{Simon2017,
  author    = {Tomas Simon and
               Hanbyul Joo and
               Iain A. Matthews and
               Yaser Sheikh},
  title     = {Hand Keypoint Detection in Single Images Using Multiview Bootstrapping},
  booktitle = {{CVPR}},
  pages     = {4645--4653},
  publisher = {{IEEE} Computer Society},
  year      = {2017}
}

@inproceedings{Mueller2017,
  author    = {Franziska Mueller and
               Dushyant Mehta and
               Oleksandr Sotnychenko and
               Srinath Sridhar and
               Dan Casas and
               Christian Theobalt},
  title     = {Real-Time Hand Tracking under Occlusion from an Egocentric {RGB-D}
               Sensor},
  booktitle = {{ICCV}},
  pages     = {1163--1172},
  publisher = {{IEEE} Computer Society},
  year      = {2017}
}

@inproceedings{Ganin2015,
  author    = {Yaroslav Ganin and
               Victor S. Lempitsky},
  title     = {Unsupervised Domain Adaptation by Backpropagation},
  booktitle = {{ICML}},
  series    = {{JMLR} Workshop and Conference Proceedings},
  volume    = {37},
  pages     = {1180--1189},
  publisher = {JMLR.org},
  year      = {2015}
}

@inproceedings{Tzeng2017,
  author    = {Eric Tzeng and
               Judy Hoffman and
               Kate Saenko and
               Trevor Darrell},
  title     = {Adversarial Discriminative Domain Adaptation},
  booktitle = {{CVPR}},
  pages     = {2962--2971},
  publisher = {{IEEE} Computer Society},
  year      = {2017}
}

@article{Peng2017,
  author    = {Xingchao Peng and
               Kate Saenko},
  title     = {Synthetic to Real Adaptation with Deep Generative Correlation Alignment
               Networks},
  journal   = {CoRR},
  volume    = {abs/1701.05524},
  year      = {2017}
}

@inproceedings{Sangkloy2017,
  author    = {Patsorn Sangkloy and
               Jingwan Lu and
               Chen Fang and
               Fisher Yu and
               James Hays},
  title     = {Scribbler: Controlling Deep Image Synthesis with Sketch and Color},
  booktitle = {{CVPR}},
  pages     = {6836--6845},
  publisher = {{IEEE} Computer Society},
  year      = {2017}
}

@inproceedings{Chen2017,
  author    = {Qifeng Chen and
               Vladlen Koltun},
  title     = {Photographic Image Synthesis with Cascaded Refinement Networks},
  booktitle = {{ICCV}},
  pages     = {1520--1529},
  publisher = {{IEEE} Computer Society},
  year      = {2017}
}

@inproceedings{Shrivastava2017,
  author    = {Ashish Shrivastava and
               Tomas Pfister and
               Oncel Tuzel and
               Joshua Susskind and
               Wenda Wang and
               Russell Webb},
  title     = {Learning from Simulated and Unsupervised Images through Adversarial
               Training},
  booktitle = {{CVPR}},
  pages     = {2242--2251},
  publisher = {{IEEE} Computer Society},
  year      = {2017}
}

@inproceedings{Mueller2018,
  author    = {Franziska Mueller and
               Florian Bernard and
               Oleksandr Sotnychenko and
               Dushyant Mehta and
               Srinath Sridhar and
               Dan Casas and
               Christian Theobalt},
  title     = {GANerated Hands for Real-Time 3D Hand Tracking From Monocular {RGB}},
  booktitle = {{CVPR}},
  pages     = {49--59},
  publisher = {{IEEE} Computer Society},
  year      = {2018}
}

@inproceedings{Zimmermann2017,
  author    = {Christian Zimmermann and
               Thomas Brox},
  title     = {Learning to Estimate 3D Hand Pose from Single {RGB} Images},
  booktitle = {{ICCV}},
  pages     = {4913--4921},
  publisher = {{IEEE} Computer Society},
  year      = {2017}
}

@inproceedings{Ge2019,
  author    = {Liuhao Ge and
               Zhou Ren and
               Yuncheng Li and
               Zehao Xue and
               Yingying Wang and
               Jianfei Cai and
               Junsong Yuan},
  title     = {3D Hand Shape and Pose Estimation From a Single {RGB} Image},
  booktitle = {{CVPR}},
  pages     = {10833--10842},
  publisher = {Computer Vision Foundation / {IEEE}},
  year      = {2019}
}

@InProceedings{Zimmermann2019,
  author    = {Christian Zimmermann, Duygu Ceylan, Jimei Yang, Bryan Russell, Max Argus and Thomas Brox},
  title     = {FreiHAND: A Dataset for Markerless Capture of Hand Pose and Shape from Single RGB Images},
  booktitle = {IEEE International Conference on Computer Vision (ICCV)},
  year = {2019},
  url          = "https://lmb.informatik.uni-freiburg.de/projects/freihand/"
}

@article{Garbin2020,
  author    = {Stephan J. Garbin and
               Marek Kowalski and
               Matthew Johnson and
               Jamie Shotton},
  title     = {High Resolution Zero-Shot Domain Adaptation of Synthetically Rendered
               Face Images},
  journal   = {CoRR},
  volume    = {abs/2006.15031},
  year      = {2020}
}

@inproceedings{Karras2019,
  author    = {Tero Karras and
               Samuli Laine and
               Timo Aila},
  title     = {A Style-Based Generator Architecture for Generative Adversarial Networks},
  booktitle = {{CVPR}},
  pages     = {4401--4410},
  publisher = {Computer Vision Foundation / {IEEE}},
  year      = {2019}
}

@inproceedings{Zhu2017,
  title={Unpaired Image-to-Image Translation using Cycle-Consistent Adversarial Networks},
  author={Zhu, Jun-Yan and Park, Taesung and Isola, Phillip and Efros, Alexei A},
  booktitle={Computer Vision (ICCV), 2017 IEEE International Conference on},
  year={2017}
}

@inproceedings{Atapattu2019,
  author    = {Charith Atapattu and
               Banafsheh Rekabdar},
  title     = {Improving the realism of synthetic images through a combination of
               adversarial and perceptual losses},
  booktitle = {{IJCNN}},
  pages     = {1--7},
  publisher = {{IEEE}},
  year      = {2019}
}

@article{Nikolaus2018,
  author    = {Nikolaus Mayer and Eddy Ilg and Philipp Fischer and Caner Hazirbas and Daniel Cremers and Alexey Dosovitskiy and Thomas Brox},
  title     = {What Makes Good Synthetic Training Data for Learning Disparity and Optical Flow Estimation?},
  journal   = {IJCV},
  volume    = {126},
  number    = {9},
  pages     = {942--960},
  year      = {2018}
}

@inproceedings{Hoffman2018,
  author    = {Judy Hoffman and
               Eric Tzeng and
               Taesung Park and
               Jun{-}Yan Zhu and
               Phillip Isola and
               Kate Saenko and
               Alexei A. Efros and
               Trevor Darrell},
  title     = {CyCADA: Cycle-Consistent Adversarial Domain Adaptation},
  booktitle = {{ICML}},
  series    = {Proceedings of Machine Learning Research},
  volume    = {80},
  pages     = {1994--2003},
  publisher = {{PMLR}},
  year      = {2018}
}

@inproceedings{Tran2019,
  author    = {Luan Tran and
               Kihyuk Sohn and
               Xiang Yu and
               Xiaoming Liu and
               Manmohan Chandraker},
  title     = {Gotta Adapt 'Em All: Joint Pixel and Feature-Level Domain Adaptation
               for Recognition in the Wild},
  booktitle = {{CVPR}},
  pages     = {2672--2681},
  publisher = {Computer Vision Foundation / {IEEE}},
  year      = {2019}
}

@article{Zhao2020,
  author    = {Sicheng Zhao and
               Xiangyu Yue and
               Shanghang Zhang and
               Bo Li and
               Han Zhao and
               Bichen Wu and
               Ravi Krishna and
               Joseph E. Gonzalez and
               Alberto L. Sangiovanni{-}Vincentelli and
               Sanjit A. Seshia and
               Kurt Keutzer},
  title     = {A Review of Single-Source Deep Unsupervised Visual Domain Adaptation},
  journal   = {CoRR},
  volume    = {abs/2009.00155},
  year      = {2020}
}

@inproceedings{Li2019,
  author    = {Jingjing Li and
               Erpeng Chen and
               Zhengming Ding and
               Lei Zhu and
               Ke Lu and
               Zi Huang},
  title     = {Cycle-consistent Conditional Adversarial Transfer Networks},
  booktitle = {{ACM} Multimedia},
  pages     = {747--755},
  publisher = {{ACM}},
  year      = {2019}
}
@Comment{jabref-meta: databaseType:bibtex;}
