% Encoding: UTF-8
@article{Brackney2017,
  title={Back to reality: the use of the presence questionnaire for measurement of fidelity in simulation},
  author={Brackney, Dana E and Priode, Kimberly},
  journal={J Nurs Meas},
  volume={25},
  number={2},
  pages={66--73},
  year={2017}
}

@article{Poeschl2013,
  title={The German VR Simulation Realism Scale-Psychometric Construction for Virtual Reality Applications with Virtual Humans.},
  author={Poeschl, Sandra and Doering, Nicola},
  journal={Annual Review of Cybertherapy and Telemedicine},
  volume={11},
  pages={33--37},
  year={2013}
}

@Article{Vosinakis2018,
author="Vosinakis, Spyros
and Koutsabasis, Panayiotis",
title="Evaluation of visual feedback techniques for virtual grasping with bare hands using Leap Motion and Oculus Rift",
journal="Virtual Reality",
year="2018",
month="Mar",
day="01",
volume="22",
number="1",
pages="47--62",
issn="1434-9957",
doi="10.1007/s10055-017-0313-4",
url="https://doi.org/10.1007/s10055-017-0313-4"
}

@Article{Koutsabasis2018,
author="Koutsabasis, Panayiotis
and Vosinakis, Spyros",
title="Kinesthetic interactions in museums: conveying cultural heritage by making use of ancient tools and (re-) constructing artworks",
journal="Virtual Reality",
year="2018",
month="Jun",
day="01",
volume="22",
number="2",
pages="103--118",
issn="1434-9957",
doi="10.1007/s10055-017-0325-0",
url="https://doi.org/10.1007/s10055-017-0325-0"
}

@article{Christopoulos2018,
author="Christopoulos, Athanasios
and Conrad, Marc
and Shukla, Mitul",
title="Increasing student engagement through virtual interactions: How?",
journal="Virtual Reality",
year="2018",
month="Nov",
day="01",
volume="22",
number="4",
pages="353--369",
issn="1434-9957",
doi="10.1007/s10055-017-0330-3",
url="https://doi.org/10.1007/s10055-017-0330-3"
}

@article{Gonzalez-Franco2018,
author = {Gonzalez-Franco, Mar and Peck, Tabitha C},
doi = {10.3389/frobt.2018.00074},
issn = {2296-9144},
journal = {Frontiers in Robotics and AI},
pages = {74},
title = {{Avatar Embodiment. Towards a Standardized Questionnaire}},
url = {https://www.frontiersin.org/article/10.3389/frobt.2018.00074},
volume = {5},
year = {2018}
}

@inproceedings{Qiu2017,
  title={Unrealcv: Virtual worlds for computer vision},
  author={Qiu, Weichao and Zhong, Fangwei and Zhang, Yi and Qiao, Siyuan and Xiao, Zihao and Kim, Tae Soo and Wang, Yizhou},
  booktitle={Proceedings of the 2017 ACM on Multimedia Conference},
  pages={1221--1224},
  year={2017},
  organization={ACM}
}

@article{feix2016grasp,
  title={The grasp taxonomy of human grasp types},
  author={Feix, Thomas and Romero, Javier and Schmiedmayer, Heinz-Bodo and Dollar, Aaron M and Kragic, Danica},
  journal={IEEE Transactions on Human-Machine Systems},
  volume={46},
  number={1},
  pages={66--77},
  year={2016},
  publisher={IEEE}
}

@inproceedings{Qiu2016,
  title={Unrealcv: Connecting computer vision to unreal engine},
  author={Qiu, Weichao and Yuille, Alan},
  booktitle={European Conference on Computer Vision},
  pages={909--916},
  year={2016},
  organization={Springer}
}

@inproceedings{yan2018,
 author = {Yan, Yukang and Yu, Chun and Ma, Xiaojuan and Yi, Xin and Sun, Ke and Shi, Yuanchun},
 title = {VirtualGrasp: Leveraging Experience of Interacting with Physical Objects to Facilitate Digital Object Retrieval},
 booktitle = {Proceedings of the 2018 CHI Conference on Human Factors in Computing Systems},
 series = {CHI '18},
 year = {2018},
 isbn = {978-1-4503-5620-6},
 location = {Montreal QC, Canada},
 pages = {78:1--78:13},
 articleno = {78},
 numpages = {13},
 url = {http://doi.acm.org/10.1145/3173574.3173652},
 doi = {10.1145/3173574.3173652},
 acmid = {3173652},
 publisher = {ACM},
 address = {New York, NY, USA},
 keywords = {gesture, mapping, object selection},
} 

@article{argelaguet2013,
  title={A survey of 3D object selection techniques for virtual environments},
  author={Argelaguet, Ferran and Andujar, Carlos},
  journal={Computers \& Graphics},
  volume={37},
  number={3},
  pages={121--136},
  year={2013},
  publisher={Elsevier}
}

@article{aydin1999,
  title={Database guided computer animation of human grasping using forward and inverse kinematics},
  author={Aydin, Yahya and Nakajima, Masayuki},
  journal={Computers \& Graphics},
  volume={23},
  number={1},
  pages={145--154},
  year={1999},
  publisher={Elsevier}
}

@article{li2007, 
author={Y. Li and J. L. Fu and N. S. Pollard}, 
journal={IEEE Transactions on Visualization and Computer Graphics}, 
title={Data-Driven Grasp Synthesis Using Shape Matching and Task-Based Pruning}, 
year={2007}, 
volume={13}, 
number={4}, 
pages={732-747}, 
keywords={computer animation;pattern matching;anatomically-based grasp quality measure;whole-hand grasps;human grasps;task-based pruning;shape matching;data-driven grasp synthesis;Humans;Shape measurement;Mice;Clustering algorithms;Facial animation;Spatial databases;Virtual environment;Grasping;Surface treatment;Data mining;Grasp synthesis;hands;shape matching;grasp quality.;Algorithms;Artificial Intelligence;Computer Graphics;Computer Simulation;Databases, Factual;Hand;Hand Strength;Humans;Image Enhancement;Image Interpretation, Computer-Assisted;Imaging, Three-Dimensional;Information Storage and Retrieval;Models, Biological;Numerical Analysis, Computer-Assisted;Pattern Recognition, Automated;Task Performance and Analysis;User-Computer Interface}, 
doi={10.1109/TVCG.2007.1033}, 
ISSN={1077-2626}, 
month={July},}

@Article{goldfeder2011,
author="Goldfeder, Corey
and Allen, Peter K.",
title="Data-driven grasping",
journal="Autonomous Robots",
year="2011",
month="Jul",
day="01",
volume="31",
number="1",
pages="1--20",
abstract="This paper propose a novel framework for a data driven grasp planner that indexes partial sensor data into a database of 3D models with known grasps and transfers grasps from those models to novel objects. We show how to construct such a database and also demonstrate multiple methods for matching into it, aligning the matched models with the known sensor data of the object to be grasped, and selecting an appropriate grasp to use. Our approach is experimentally validated in both simulated trials and trials with robots.",
issn="1573-7527",
doi="10.1007/s10514-011-9228-1",
url="https://doi.org/10.1007/s10514-011-9228-1"
}

@inproceedings{wheatland2015,
  title={State of the art in hand and finger modeling and animation},
  author={Wheatland, Nkenge and Wang, Yingying and Song, Huaguang and Neff, Michael and Zordan, Victor and J{\"o}rg, Sophie},
  booktitle={Computer Graphics Forum},
  volume={34},
  pages={735--760},
  year={2015},
  organization={Wiley Online Library}
}


@inproceedings{jorg2009,
  author    = {Sophie J{\"o}rg and Carol O'Sullivan},
  title     = {Exploring the Dimensionality of Finger Motion},
  year      = {2009},
  booktitle = {Proceedings of the 9th Eurographics Ireland Workshop (EGIE 2009)},
  pages     = {1--11},
  month	    = {December 11},
  location  = {Dublin, Ireland},
  issn      = {1649-1807},
}

@article{ye2012,
  title={Synthesis of detailed hand manipulations using contact sampling},
  author={Ye, Yuting and Liu, C Karen},
  journal={ACM Transactions on Graphics (TOG)},
  volume={31},
  number={4},
  pages={41},
  year={2012},
  publisher={ACM}
}

@inproceedings{pollard2005,
 author = {Pollard, Nancy S. and Zordan, Victor Brian},
 title = {Physically Based Grasping Control from Example},
 booktitle = {Proceedings of the 2005 ACM SIGGRAPH/Eurographics Symposium on Computer Animation},
 series = {SCA '05},
 year = {2005},
 isbn = {1-59593-198-8},
 location = {Los Angeles, California},
 pages = {311--318},
 numpages = {8},
 url = {http://doi.acm.org/10.1145/1073368.1073413},
 doi = {10.1145/1073368.1073413},
 acmid = {1073413},
 publisher = {ACM},
 address = {New York, NY, USA},
} 

@inproceedings{kry2006,
  title={Interaction capture and synthesis},
  author={Kry, Paul G and Pai, Dinesh K},
  booktitle={ACM Transactions on Graphics (TOG)},
  volume={25},
  pages={872--880},
  year={2006},
  organization={ACM}
}

@inproceedings{bai2014, 
author={Y. Bai and C. K. Liu}, 
booktitle={2014 IEEE International Conference on Robotics and Automation (ICRA)}, 
title={Dexterous manipulation using both palm and fingers}, 
year={2014}, 
volume={}, 
number={}, 
pages={1560-1565}, 
keywords={dexterous manipulators;energy conservation;force control;motion control;physical property;geometry property;robotic hand manipulation;rolling motion;multifingers controller;energy dissipation;mechanical energy conservation;tilting angle;contact force;gravitational force;palm;control technique;polygonal object;dexterous manipulation;Kinetic energy;Robot sensing systems;Force;Equations;Shape;Torque}, 
doi={10.1109/ICRA.2014.6907059}, 
ISSN={1050-4729}, 
month={May},}

@inproceedings{liu2009,
 author = {Liu, C. Karen},
 title = {Dextrous Manipulation from a Grasping Pose},
 booktitle = {ACM SIGGRAPH 2009 Papers},
 series = {SIGGRAPH '09},
 year = {2009},
 isbn = {978-1-60558-726-4},
 location = {New Orleans, Louisiana},
 pages = {59:1--59:6},
 articleno = {59},
 numpages = {6},
 url = {http://doi.acm.org/10.1145/1576246.1531365},
 doi = {10.1145/1576246.1531365},
 acmid = {1531365},
 publisher = {ACM},
 address = {New York, NY, USA},
 keywords = {character animation, physics-based animation},
} 

@inproceedings{miller2003,
  title={Automatic grasp planning using shape primitives},
  author={Miller, Andrew T and Knoop, Steffen and Christensen, Henrik I and Allen, Peter K},
  booktitle={Robotics and Automation, 2003. Proceedings. ICRA'03. IEEE International Conference on},
  volume={2},
  pages={1824--1829},
  year={2003},
  organization={IEEE}
}

@article{braido2004,
  title={Quantitative analysis of finger motion coordination in hand manipulative and gestic acts},
  author={Braido, Peter and Zhang, Xudong},
  journal={Human movement science},
  volume={22},
  number={6},
  pages={661--678},
  year={2004},
  publisher={Elsevier}
}

@INPROCEEDINGS{ciocarlie2007, 
author={M. {Ciocarlie} and C. {Goldfeder} and P. {Allen}}, 
booktitle={2007 IEEE/RSJ International Conference on Intelligent Robots and Systems}, 
title={Dimensionality reduction for hand-independent dexterous robotic grasping}, 
year={2007}, 
volume={}, 
number={}, 
pages={3270-3275}, 
keywords={dexterous manipulators;manipulator kinematics;dimensionality reduction;hand-independent dexterous robotic grasping;kinematic structures;Humans;Grasping;Orbital robotics;Algorithm design and analysis;Taxonomy;Intelligent robots;Neuroscience;Testing;Data gloves;Automatic control}, 
doi={10.1109/IROS.2007.4399227}, 
ISSN={2153-0858}, 
month={Oct},}

@misc{copenhaver2017,
author="Jacob Copenhaver",
title="VR Animation and Locomotion Systems in Lone Echo",
publisher="GDC_2017",
year="2017",
pages="17-27",
url="https://www.gdcvault.com/play/1024446/It-s-All-in-the"
}

@Misc{oculusDistanceGrab2017,
  author       = {Oculus},
  howpublished = {\url{https://developer.oculus.com/blog/distance-grab-sample-now-available-in-oculus-unity-sample-framework/}},
  note         = {Accessed: 2019-04-11},
  title        = {Distance Grab Sample Now Available in Oculus Unity Sample Framework},
}

@Misc{oculusFirstExperience,
  author       = {Oculus},
  howpublished = {\url{https://www.oculus.com/experiences/rift/1217155751659625/}},
  note         = {Accessed: 2019-04-11},
  title        = {Oculus First Contact},
  editor       = {Oculus},
}

@Misc{vrtemplate2016,
  author       = {Tom Looman},
  howpublished = {\url{https://wiki.unrealengine.com/VR\_Template}},
  note         = {Accessed: 2019-04-11},
  title        = {VR Template},
}

@inproceedings{calli2015,
  title={The ycb object and model set: Towards common benchmarks for manipulation research},
  author={Calli, Berk and Singh, Arjun and Walsman, Aaron and Srinivasa, Siddhartha and Abbeel, Pieter and Dollar, Aaron M},
  booktitle={Advanced Robotics (ICAR), 2015 International Conference on},
  pages={510--517},
  year={2015},
  organization={IEEE}
}


%Review oriented to surgery trainign, focused in virtual reality simulation with robots.
@article{bric2016current,
  title={Current state of virtual reality simulation in robotic surgery training: a review},
  author={Bric, Justin D and Lumbard, Derek C and Frelich, Matthew J and Gould, Jon C},
  journal={Surgical endoscopy},
  volume={30},
  number={6},
  pages={2169--2178},
  year={2016},
  publisher={Springer}
}

%This article comments various interesting things about virtual reality rehabilitation, is centered on upper limb.
@article{levin2015emergence,
  title={Emergence of virtual reality as a tool for upper limb rehabilitation: incorporation of motor control and motor learning principles},
  author={Levin, Mindy F and Weiss, Patrice L and Keshner, Emily A},
  journal={Physical therapy},
  volume={95},
  number={3},
  pages={415--425},
  year={2015},
  publisher={Oxford University Press}
}


%Teleopration robot and imitation by means of Deep learnig methods
@inproceedings{zhang2018deep,
  title={Deep imitation learning for complex manipulation tasks from virtual reality teleoperation},
  author={Zhang, Tianhao and McCarthy, Zoe and Jowl, Owen and Lee, Dennis and Chen, Xi and Goldberg, Ken and Abbeel, Pieter},
  booktitle={2018 IEEE International Conference on Robotics and Automation (ICRA)},
  pages={1--8},
  year={2018},
  organization={IEEE}
}

%This work is not too Good. The interaction system approach to interact in augmented reality is really simple. Compered with this the UnrealApproach is better, if we could get the joints since wearables.
@article{lv2015touch,
  title={Touch-less interactive augmented reality game on vision-based wearable device},
  author={Lv, Zhihan and Halawani, Alaa and Feng, Shengzhong and Ur R{\'e}hman, Shafiq and Li, Haibo},
  journal={Personal and Ubiquitous Computing},
  volume={19},
  number={3-4},
  pages={551--567},
  year={2015},
  publisher={Springer-Verlag}
}


@ARTICLE{bohg2014data, 
author={J. {Bohg} and A. {Morales} and T. {Asfour} and D. {Kragic}}, 
journal={IEEE Transactions on Robotics}, 
title={Data-Driven Grasp Synthesis—A Survey}, 
year={2014}, 
volume={30}, 
number={2}, 
pages={289-309}, 
keywords={feature extraction;grippers;image matching;object recognition;pose estimation;sampling methods;candidate grasp ranking;candidate grasp sampling;common object representations;perceptual processes;data-driven grasp synthesis technique;object recognition;pose estimation;similarity matching;robot grasping;feature extraction;Grasping;Robot sensing systems;Measurement;Databases;Feature extraction;Grasp planning;grasp synthesis;object grasping and manipulation;object recognition and classification;visual perception;visual representations}, 
doi={10.1109/TRO.2013.2289018}, 
ISSN={1552-3098}, 
month={April},}

%A grasp point dataset is generated by means of a wearable glove. With that dataset a simulated three fingerFed hand is moved. The were compared with “GraspIt” method, and obviously they are better. They get an effective human-robot experience transfer, at least, since the obtained grasp point dataset. (This is planning, not machine learning) 
@article{lin2015robot,
  title={Robot grasp planning based on demonstrated grasp strategies},
  author={Lin, Yun and Sun, Yu},
  journal={The International Journal of Robotics Research},
  volume={34},
  number={1},
  pages={26--42},
  year={2015},
  publisher={SAGE Publications Sage UK: London, England}
}

%Grasping in familiar objects
@inproceedings{vahrenkamp2016part,
  title={Part-based grasp planning for familiar objects},
  author={Vahrenkamp, Nikolaus and Westkamp, Leonard and Yamanobe, Natsuki and Aksoy, Eren E and Asfour, Tamim},
  booktitle={Humanoid Robots (Humanoids), 2016 IEEE-RAS 16th International Conference on},
  pages={919--925},
  year={2016},
  organization={IEEE}
}


@article{zapata2017using,
author = {Zapata-Impata, Brayan S. and Gil, Pablo and Pomares, Jorge and Torres, Fernando},
doi = {10.1177/1729881419831846},
issn = {1729-8814},
journal = {International Journal of Advanced Robotic Systems},
keywords = {3d point cloud,grasp contacts computation,novel object grasping,robotic grasping,visual perception},
month = {jan},
number = {1},
pages = {172988141983184},
title = {{Fast geometry-based computation of grasping points on three-dimensional point clouds}},
url = {http://journals.sagepub.com/doi/10.1177/1729881419831846},
volume = {16},
year = {2019}
}

%Deep learning in grasping problems
@article{levine2018learning,
  title={Learning hand-eye coordination for robotic grasping with deep learning and large-scale data collection},
  author={Levine, Sergey and Pastor, Peter and Krizhevsky, Alex and Ibarz, Julian and Quillen, Deirdre},
  journal={The International Journal of Robotics Research},
  volume={37},
  number={4-5},
  pages={421--436},
  year={2018},
  publisher={SAGE Publications Sage UK: London, England}
}

%Tele rehabilitation
@inproceedings{escobar2018virtual,
  title={Virtual System Using Haptic Device for Real-Time Tele-Rehabilitation of Upper Limbs},
  author={Escobar, Iv{\'o}n and G{\'a}lvez, Catherine and Corrales, Gabriel and Pruna, Edwin and Pilatasig, Marco and Montaluisa, Javier},
  booktitle={International Conference on Augmented Reality, Virtual Reality and Computer Graphics},
  pages={136--152},
  year={2018},
  organization={Springer}
}

%Reabilitation recurrent neural netwirk virtual reality
@article{avola2018vrheab,
  title={VRheab: a fully immersive motor rehabilitation system based on recurrent neural network},
  author={Avola, Danilo and Cinque, Luigi and Foresti, Gian Luca and Marini, Marco Raoul and Pannone, Daniele},
  journal={Multimedia Tools and Applications},
  pages={1--28},
  year={2018},
  publisher={Springer}
}

%Cognitive reabilitation by means of virtual daily task
@article{faria2016benefits,
  title={Benefits of virtual reality based cognitive rehabilitation through simulated activities of daily living: a randomized controlled trial with stroke patients},
  author={Faria, Ana L{\'u}cia and Andrade, Andreia and Soares, Lu{\'\i}sa and i Badia, Sergi Berm{\'u}dez},
  journal={Journal of neuroengineering and rehabilitation},
  volume={13},
  number={1},
  pages={96},
  year={2016},
  publisher={BioMed Central}
}

%Patent - Grasp virtual objects
@misc{hilliges2017grasping,
  title={Grasping virtual objects in augmented reality},
  author={Hilliges, Otmar and Kim, David and Izadi, Shahram and Weiss, Malte Hanno},
  year={2017},
  month=jan # "~24",
  publisher={Google Patents},
  note={US Patent 9,552,673}
}

@InProceedings{Verschoor2018,
  author    = {M. {Verschoor} and D. {Lobo} and M. A. {Otaduy}},
  title     = {Soft Hand Simulation for Smooth and Robust Natural Interaction},
  booktitle = {2018 IEEE Conference on Virtual Reality and 3D User Interfaces (VR)},
  year      = {2018},
  pages     = {183-190},
  month     = {March},
  doi       = {10.1109/VR.2018.8447555},
  keywords  = {Skin;Skeleton;Computational modeling;Couplings;Robustness;Strain;Tracking;Hand Interaction;VR;Simulation: Computing methodologies-Computer graphics-Graphics systems and interfaces-Virtual reality;Human-centered computing-Human computer interaction (HCI)-Interaction techniques},
}

@InProceedings{Garre2011,
  author    = {C. {Garre} and F. {Hernández} and A. {Gracia} and M. A. {Otaduy}},
  title     = {Interactive simulation of a deformable hand for haptic rendering},
  booktitle = {2011 IEEE World Haptics Conference},
  year      = {2011},
  pages     = {239-244},
  month     = {June},
  doi       = {10.1109/WHC.2011.5945492},
  keywords  = {haptic interfaces;rendering (computer graphics);interactive simulation;deformable hand;haptic rendering;palpation;virtual object manipulation;haptic grasping;soft finger contact;haptic device;Computational modeling;Bones;Haptic interfaces;Joints;Couplings;Deformable models},
}

@Article{Landsmeer1962,
  author    = {Landsmeer, JMF},
  title     = {Power grip and precision handling},
  journal   = {Annals of the rheumatic diseases},
  year      = {1962},
  volume    = {21},
  number    = {2},
  pages     = {164},
  publisher = {BMJ Publishing Group},
}

@Comment{jabref-meta: databaseType:bibtex;}
