% Encoding: UTF-8

@InProceedings{Mathieu2016,
  author        = {Micha{\"{e}}l Mathieu and Camille Couprie and Yann LeCun},
  title         = {Deep multi-scale video prediction beyond mean square error},
  booktitle     = {{ICLR} (Poster)},
  year          = {2016},
}

@incollection{Luc2018,
  doi = {10.1007/978-3-030-01240-3_36},
  year = {2018},
  pages = {593--608},
  author = {Pauline Luc and Camille Couprie and Yann LeCun and Jakob Verbeek},
  title = {{P}redicting {F}uture {I}nstance {S}egmentation by {F}orecasting {C}onvolutional {F}eatures},
  booktitle = {{ECCV}}
}

@InProceedings{Couprie2018,
  author    = {Camille Couprie and Pauline Luc and Jakob Verbeek},
  title     = {{J}oint {F}uture {S}emantic and {I}nstance {S}egmentation {P}rediction},
  booktitle = {{ECCV} Workshops {(3)}},
  year      = {2018},
  pages    = {154--168},
  doi       = {10.1007/978-3-030-11015-4\_14},
}

@InProceedings{Luc2017,
  author        = {Pauline Luc and Natalia Neverova and Camille Couprie and Jakob Verbeek and Yann LeCun},
  title         = {{P}redicting {D}eeper into the {F}uture of {S}emantic {S}egmentation},
  booktitle     = {{ICCV}},
  year          = {2017},
  pages        = {648--657},
  doi           = {10.1109/ICCV.2017.77},
}

@InProceedings{Nabavi2018,
  author        = {Seyed shahabeddin Nabavi and Mrigank Rochan and Yang Wang},
  title         = {{F}uture {S}emantic {S}egmentation with {C}onvolutional {LSTM}},
  booktitle     = {{BMVC}},
  year          = {2018},
  pages        = {137},
}

@InProceedings{Zeng2017,
  author        = {Kuo{-}Hao Zeng and William B. Shen and De{-}An Huang and Min Sun and Juan Carlos Niebles},
  title         = {{V}isual {F}orecasting by {I}mitating {D}ynamics in {N}atural {S}equences},
  booktitle     = {{ICCV}},
  year          = {2017},
  pages        = {3018--3027},
  doi           = {10.1109/ICCV.2017.326},
}

@InProceedings{Luo2016,
  author        = {Wenjie Luo and Yujia Li and Raquel Urtasun and Richard S. Zemel},
  title         = {{U}nderstanding the {E}ffective {R}eceptive {F}ield in {D}eep {C}onvolutional {N}eural {N}etworks},
  booktitle     = {{N}eur{IPS}},
  year          = {2016},
  pages        = {4898--4906},
}

@InProceedings{Jin2017,
  author        = {Xiaojie Jin and Xin Li and Huaxin Xiao and Xiaohui Shen and Zhe Lin and Jimei Yang and Yunpeng Chen and Jian Dong and Luoqi Liu and Zequn Jie and Jiashi Feng and Shuicheng Yan},
  title         = {{V}ideo {S}cene {P}arsing with {P}redictive {F}eature {L}earning},
  booktitle     = {{ICCV}},
  year          = {2017},
  pages        = {5581--5589},
  doi           = {10.1109/ICCV.2017.595},
}

@InProceedings{Finn2016,
  author        = {Chelsea Finn and Ian J. Goodfellow and Sergey Levine},
  title         = {{U}nsupervised {L}earning for {P}hysical {I}nteraction through {V}ideo {P}rediction},
  booktitle     = {{N}eur{IPS}},
  year          = {2016},
  pages        = {64--72},
}

@InProceedings{Vondrick2016,
  author        = {Carl Vondrick and Hamed Pirsiavash and Antonio Torralba},
  title         = {{G}enerating {V}ideos with {S}cene {D}ynamics},
  booktitle     = {{N}eur{IPS}},
  year          = {2016},
  pages        = {613--621},
}

@InProceedings{Vondrick2017,
  author        = {Carl Vondrick and Antonio Torralba},
  title         = {{G}enerating the {F}uture with {A}dversarial {T}ransformers},
  booktitle     = {{CVPR}},
  year          = {2017},
  pages        = {2992--3000},
  doi           = {10.1109/CVPR.2017.319},
}

@InProceedings{Walker2016,
  author        = {Jacob Walker and Carl Doersch and Abhinav Gupta and Martial Hebert},
  title         = {{A}n {U}ncertain {F}uture: {F}orecasting from {S}tatic {I}mages {U}sing {V}ariational {A}utoencoders},
  booktitle     = {{ECCV}},
  year          = {2016},
  pages      = {835--851},
  doi           = {10.1007/978-3-319-46478-7\_51},
}

@InProceedings{Nguyen2012,
  author        = {Minh Hoai Nguyen and Fernando De la Torre},
  title         = {Max-margin early event detectors},
  booktitle     = {{CVPR}},
  year          = {2012},
  pages      = {2863--2870},
  doi           = {10.1109/CVPR.2012.6248012},
}

@InProceedings{Kitani2012,
  author        = {Kris M. Kitani and Brian D. Ziebart and James Andrew Bagnell and Martial Hebert},
  title         = {{A}ctivity {F}orecasting},
  booktitle     = {{ECCV}},
  year          = {2012},
  pages      = {201--214},
  doi           = {10.1007/978-3-642-33765-9\_15},
}

@InProceedings{Vondrick2016a,
  author        = {Carl Vondrick and Hamed Pirsiavash and Antonio Torralba},
  title         = {{A}nticipating {V}isual {R}epresentations from {U}nlabeled {V}ideo},
  booktitle     = {{CVPR}},
  year          = {2016},
  pages      = {98--106},
  doi           = {10.1109/CVPR.2016.18},
}

@InProceedings{Dosovitskiy2017,
  author        = {Alexey Dosovitskiy and Vladlen Koltun},
  title         = {{L}earning to {A}ct by {P}redicting the {F}uture},
  booktitle     = {{ICLR}},
  year          = {2017},
}

@InProceedings{Srivastava2015,
  author        = {Nitish Srivastava and Elman Mansimov and Ruslan Salakhutdinov},
  title         = {{U}nsupervised {L}earning of {V}ideo {R}epresentations using {LSTM}s},
  booktitle     = {{ICML}},
  year          = {2015},
  pages        = {843--852},
}

@InProceedings{Jaderberg2015,
  author        = {Max Jaderberg and Karen Simonyan and Andrew Zisserman and Koray Kavukcuoglu},
  title         = {{S}patial {T}ransformer {N}etworks},
  booktitle     = {{N}eur{IPS}},
  year          = {2015},
  pages        = {2017--2025},
}

@InProceedings{Fragkiadaki2015,
  author    = {Katerina Fragkiadaki and Sergey Levine and Panna Felsen and Jitendra Malik},
  title     = {{R}ecurrent {N}etwork {M}odels for {H}uman {D}ynamics},
  booktitle = {{ICCV}},
  year      = {2015},
  pages    = {4346--4354},
  doi       = {10.1109/ICCV.2015.494},
}

@InProceedings{Lotter2017,
  author        = {William Lotter and Gabriel Kreiman and David Cox},
  title         = {{D}eep {P}redictive {C}oding {N}etworks for {V}ideo {P}rediction and {U}nsupervised {L}earning},
  booktitle     = {{ICLR} (Poster)},
  year          = {2017},
}

@InProceedings{Xue2016,
  author        = {Tianfan Xue and Jiajun Wu and Katherine L. Bouman and Bill Freeman},
  title         = {{V}isual {D}ynamics: {P}robabilistic {F}uture {F}rame {S}ynthesis via {C}ross {C}onvolutional {N}etworks},
  booktitle     = {{N}eur{IPS}},
  year          = {2016},
  pages        = {91--99},
}

@InProceedings{Zhou2016,
  author        = {Yipin Zhou and Tamara L. Berg},
  title         = {{L}earning {T}emporal {T}ransformations from {T}ime-{L}apse {V}ideos},
  booktitle     = {{ECCV}},
  year          = {2016},
  pages        = {262--277},
  doi           = {10.1007/978-3-319-46484-8\_16},
}

@InProceedings{Jin2017a,
  author        = {Xiaojie Jin and Huaxin Xiao and Xiaohui Shen and Jimei Yang and Zhe Lin and Yunpeng Chen and Zequn Jie and Jiashi Feng and Shuicheng Yan},
  title         = {{P}redicting {S}cene {P}arsing and {M}otion {D}ynamics in the {F}uture},
  booktitle     = {{N}eur{IPS}},
  year          = {2017},
  pages        = {6918--6927},
}

@InProceedings{Oh2015,
  author        = {Junhyuk Oh and Xiaoxiao Guo and Honglak Lee and Richard L. Lewis and Satinder P. Singh},
  title         = {{A}ction-{C}onditional {V}ideo {P}rediction using {D}eep {N}etworks in {A}tari {G}ames},
  booktitle     = {{N}eur{IPS}},
  year          = {2015},
  pages        = {2863--2871},
}

@InProceedings{Oord2016,
  author        = {A{\"{a}}ron van den Oord and Nal Kalchbrenner and Koray Kavukcuoglu},
  title         = {{P}ixel {R}ecurrent {N}eural {N}etworks},
  booktitle     = {{ICML}},
  year          = {2016},
  pages        = {1747--1756},
}

@InProceedings{Lu2017,
  author        = {Chaochao Lu and Michael Hirsch and Bernhard Sch{\"{o}}lkopf},
  title         = {{F}lexible {S}patio-{T}emporal {N}etworks for {V}ideo {P}rediction},
  booktitle     = {{CVPR}},
  year          = {2017},
  pages        = {2137--2145},
  doi           = {10.1109/CVPR.2017.230},
}

@InProceedings{Bhattacharyya2018,
  author        = {Apratim Bhattacharyya and Mario Fritz and Bernt Schiele},
  title         = {{L}ong-{T}erm {O}n-{B}oard {P}rediction of {P}eople in {T}raffic {S}cenes {U}nder {U}ncertainty},
  booktitle     = {{CVPR}},
  year          = {2018},
  pages        = {4194--4202},
  doi           = {10.1109/CVPR.2018.00441},
}

@InProceedings{Farha2018,
  author    = {Yazan Abu Farha and Alexander Richard and Juergen Gall},
  title     = {{W}hen {W}ill {Y}ou {D}o {W}hat? - {A}nticipating {T}emporal {O}ccurrences of {A}ctivities},
  booktitle = {{CVPR}},
  year      = {2018},
  pages    = {5343--5352},
  doi       = {10.1109/CVPR.2018.00560},
}

@InProceedings{Wang2015,
  author        = {Xiaolong Wang and Abhinav Gupta},
  title         = {{U}nsupervised {L}earning of {V}isual {R}epresentations {U}sing {V}ideos},
  booktitle     = {{ICCV}},
  year          = {2015},
  pages        = {2794--2802},
  doi           = {10.1109/ICCV.2015.320},
}

@InProceedings{Mikolov2010,
  author        = {Tomas Mikolov and Martin Karafi{\'{a}}t and Luk{\'{a}}s Burget and Jan Cernock{\'{y}} and Sanjeev Khudanpur},
  title         = {Recurrent neural network based language model},
  booktitle     = {{INTERSPEECH}},
  year          = {2010},
  pages        = {1045--1048},
}

@InProceedings{Agrawal2015,
  author        = {Pulkit Agrawal and Jo{\~{a}}o Carreira and Jitendra Malik},
  title         = {Learning to See by Moving},
  booktitle     = {{ICCV}},
  year          = {2015},
  pages        = {37--45},
  doi           = {10.1109/ICCV.2015.13},
}

@InProceedings{Brabandere2016,
  author        = {Bert De Brabandere and Xu Jia and Tinne Tuytelaars and Luc Van Gool},
  title         = {Dynamic Filter Networks},
  booktitle     = {{N}eur{IPS}},
  year          = {2016},
  pages        = {667--675},
}

@InProceedings{Denton2017,
  author        = {Emily L. Denton and Vighnesh Birodkar},
  title         = {Unsupervised Learning of Disentangled Representations from Video},
  booktitle     = {{N}eur{IPS}},
  year          = {2017},
  pages        = {4417--4426},
}

@InProceedings{Dollar2009,
  author        = {Piotr Doll{\'{a}}r and Christian Wojek and Bernt Schiele and Pietro Perona},
  title         = {Pedestrian detection: {A} benchmark},
  booktitle     = {{CVPR}},
  year          = {2009},
  pages        = {304--311},
  doi           = {10.1109/CVPRW.2009.5206631},
}

@InProceedings{Goroshin2015,
  author    = {Ross Goroshin and Joan Bruna and Jonathan Tompson and David Eigen and Yann LeCun},
  title     = {Unsupervised Learning of Spatiotemporally Coherent Metrics},
  booktitle = {{ICCV}},
  year      = {2015},
  pages    = {4086--4093},
  doi       = {10.1109/ICCV.2015.465},
}

@inproceedings{Goroshin2015a,
  author    = {Ross Goroshin and
               Micha{\"{e}}l Mathieu and
               Yann LeCun},
  title     = {Learning to Linearize Under Uncertainty},
  booktitle = {{N}eur{IPS}},
  pages     = {1234--1242},
  year      = {2015}
}

@InProceedings{Liu2017,
  author        = {Ziwei Liu and Raymond A. Yeh and Xiaoou Tang and Yiming Liu and Aseem Agarwala},
  title         = {Video Frame Synthesis Using Deep Voxel Flow},
  booktitle     = {{ICCV}},
  year          = {2017},
  pages        = {4473--4481},
  doi           = {10.1109/ICCV.2017.478},
}

@InProceedings{Walker2017,
  author        = {Jacob Walker and Kenneth Marino and Abhinav Gupta and Martial Hebert},
  title         = {The Pose Knows: Video Forecasting by Generating Pose Futures},
  booktitle     = {{ICCV}},
  year          = {2017},
  pages        = {3352--3361},
  doi           = {10.1109/ICCV.2017.361},
}

@InProceedings{Villegas2017,
  author        = {Ruben Villegas and Jimei Yang and Yuliang Zou and Sungryull Sohn and Xunyu Lin and Honglak Lee},
  title         = {Learning to Generate Long-term Future via Hierarchical Prediction},
  booktitle     = {{ICML}},
  year          = {2017},
  pages        = {3560--3569},
}

@InProceedings{Villegas2017a,
  author        = {Ruben Villegas and Jimei Yang and Seunghoon Hong and Xunyu Lin and Honglak Lee},
  title         = {Decomposing Motion and Content for Natural Video Sequence Prediction},
  booktitle     = {{ICLR}},
  year          = {2017},
}

@InProceedings{Softky1995,
  author        = {William R. Softky},
  title         = {Unsupervised Pixel-prediction},
  booktitle     = {{N}eur{IPS}},
  year          = {1995},
  pages        = {809--815},
}

@InProceedings{Shi2015,
  author        = {Xingjian Shi and Zhourong Chen and Hao Wang and Dit{-}Yan Yeung and Wai{-}Kin Wong and Wang{-}chun Woo},
  title         = {Convolutional {LSTM} Network: {A} Machine Learning Approach for Precipitation Nowcasting},
  booktitle     = {{N}eur{IPS}},
  year          = {2015},
  pages        = {802--810},
}

@InProceedings{Oliu2018,
  author        = {Marc Oliu and Javier Selva and Sergio Escalera},
  title         = {Folded Recurrent Neural Networks for Future Video Prediction},
  booktitle     = {{ECCV}},
  year          = {2018},
  pages        = {745--761},
  doi           = {10.1007/978-3-030-01264-9\_44},
}

@InProceedings{Denton2015,
  author        = {Emily L. Denton and Soumith Chintala and Arthur Szlam and Rob Fergus},
  title         = {Deep Generative Image Models using a Laplacian Pyramid of Adversarial Networks},
  booktitle     = {{N}eur{IPS}},
  year          = {2015},
  pages        = {1486--1494},
}

@InProceedings{Revaud2015,
  author    = {J{\'{e}}r{\^{o}}me Revaud and Philippe Weinzaepfel and Za{\"{\i}}d Harchaoui and Cordelia Schmid},
  title     = {{E}pic{F}low: {E}dge-preserving interpolation of correspondences for optical flow},
  booktitle = {{CVPR}},
  year      = {2015},
  pages    = {1164--1172},
  doi       = {10.1109/CVPR.2015.7298720},
}

@InProceedings{Mahendran2015,
  author    = {Aravindh Mahendran and Andrea Vedaldi},
  title     = {Understanding deep image representations by inverting them},
  booktitle = {{CVPR}},
  year      = {2015},
  pages    = {5188--5196},
  doi       = {10.1109/CVPR.2015.7299155},
}

@InProceedings{Sutskever2014,
  author        = {Ilya Sutskever and Oriol Vinyals and Quoc V. Le},
  title         = {Sequence to Sequence Learning with Neural Networks},
  booktitle     = {{N}eur{IPS}},
  year          = {2014},
  pages        = {3104--3112},
}

@InProceedings{Simonyan2015,
  author    = {Karen Simonyan and Andrew Zisserman},
  title     = {Very Deep Convolutional Networks for Large-Scale Image Recognition},
  booktitle = {{ICLR}},
  year      = {2015},
}

@InProceedings{Pickup2014,
  author        = {Lyndsey C. Pickup and Zheng Pan and Donglai Wei and Yi{-}Chang Shih and Changshui Zhang and Andrew Zisserman and Bernhard Sch{\"{o}}lkopf and William T. Freeman},
  title         = {Seeing the Arrow of Time},
  booktitle     = {{CVPR}},
  year          = {2014},
  pages        = {2043--2050},
  doi           = {10.1109/CVPR.2014.262},
}

@InProceedings{Misra2016,
  author        = {Ishan Misra and C. Lawrence Zitnick and Martial Hebert},
  title         = {Shuffle and Learn: Unsupervised Learning Using Temporal Order Verification},
  booktitle     = {{ECCV}},
  year          = {2016},
  pages        = {527--544},
  doi           = {10.1007/978-3-319-46448-0\_32},
}

@InProceedings{Chalasani2013,
  author        = {Rakesh Chalasani and Jos{\'{e}} C. Pr{\'{\i}}ncipe},
  title         = {Deep Predictive Coding Networks},
  booktitle     = {{ICLR} (Workshop Poster)},
  year          = {2013},
}

@InProceedings{Fragkiadaki2016,
  author        = {Katerina Fragkiadaki and Pulkit Agrawal and Sergey Levine and Jitendra Malik},
  title         = {Learning Visual Predictive Models of Physics for Playing Billiards},
  booktitle     = {{ICLR} (Poster)},
  year          = {2016},
}

@InProceedings{Kuehne2011,
  author        = {Hildegard Kuehne and Hueihan Jhuang and Est{\'{\i}}baliz Garrote and Tomaso A. Poggio and Thomas Serre},
  title         = {{HMDB:} {A} large video database for human motion recognition},
  booktitle     = {{ICCV}},
  year          = {2011},
  pages        = {2556--2563},
  doi           = {10.1109/ICCV.2011.6126543},
}

@InProceedings{Santner2010,
  author        = {Jakob Santner and Christian Leistner and Amir Saffari and Thomas Pock and Horst Bischof},
  title         = {{PROST:} Parallel robust online simple tracking},
  booktitle     = {{CVPR}},
  year          = {2010},
  pages        = {723--730},
  doi           = {10.1109/CVPR.2010.5540145},
}

@InProceedings{Walker2014,
  author        = {Jacob Walker and Abhinav Gupta and Martial Hebert},
  title         = {Patch to the Future: Unsupervised Visual Prediction},
  booktitle     = {CVPR},
  year          = {2014},
  pages        = {3302--3309},
  doi           = {10.1109/CVPR.2014.416},
}

@InProceedings{Karpathy2014,
  author        = {Andrej Karpathy and George Toderici and Sanketh Shetty and Thomas Leung and Rahul Sukthankar and Fei{-}Fei Li},
  title         = {Large-Scale Video Classification with Convolutional Neural Networks},
  booktitle     = {CVPR},
  year          = {2014},
  pages        = {1725--1732},
  doi           = {10.1109/CVPR.2014.223},
}

@article{Chiu2019,
  author    = {Hsu{-}Kuang Chiu and
               Ehsan Adeli and
               Juan Carlos Niebles},
  title     = {Segmenting the Future},
  journal   = {{IEEE} Robotics Autom. Lett.},
  volume    = {5},
  number    = {3},
  pages     = {4202--4209},
  year      = {2020}
}

@inproceedings{Kalchbrenner2016,
  author    = {Nal Kalchbrenner and A{\"{a}}ron van den Oord and Karen Simonyan and Ivo Danihelka and Oriol Vinyals and Alex Graves and Koray Kavukcuoglu},
  title     = {Video Pixel Networks},
  booktitle = {{ICML}},
  pages     = {1771--1779},
  year      = {2017}
}

@inproceedings{Hinton2015,
title	= {Distilling the Knowledge in a Neural Network},
author	= {Geoffrey Hinton and Oriol Vinyals and Jeffrey Dean},
year	= {2015},
booktitle	= {{N}eur{IPS} Workshop}
}

@Article{Chen2018,
  author        = {Liang{-}Chieh Chen and George Papandreou and Iasonas Kokkinos and Kevin Murphy and Alan L. Yuille},
  title         = {DeepLab: Semantic Image Segmentation with Deep Convolutional Nets, Atrous Convolution, and Fully Connected CRFs},
  journal       = {TPAMI},
  year          = {2018},
  volume        = {40},
  number        = {4},
  pages        = {834--848},
  doi           = {10.1109/TPAMI.2017.2699184},
}

@Article{Shalev-Shwartz2016,
  author        = {Shai Shalev{-}Shwartz and Nir Ben{-}Zrihem and Aviad Cohen and Amnon Shashua},
  title         = {Long-term Planning by Short-term Prediction},
  journal       = {arXiv:1602.01580},
  year          = {2016},
}

@Article{Ranzato2014,
  author        = {Marc'Aurelio Ranzato and Arthur Szlam and Joan Bruna and Micha{\"{e}}l Mathieu and Ronan Collobert and Sumit Chopra},
  title         = {Video (language) modeling: a baseline for generative models of natural videos},
  journal       = {arXiv:1412.6604},
  year          = {2014},
}

@Article{Patraucean2015,
  author        = {Viorica Patraucean and Ankur Handa and Roberto Cipolla},
  title         = {Spatio-temporal video autoencoder with differentiable memory},
  journal       = {(ICLR) Workshop},
  year          = {2015},
}

@Article{Amersfoort2017,
  author        = {Joost R. van Amersfoort and Anitha Kannan and Marc'Aurelio Ranzato and Arthur Szlam and Du Tran and Soumith Chintala},
  title         = {Transformation-Based Models of Video Sequences},
  journal       = {arXiv:1701.08435},
  year          = {2017},
}

@Article{Hollingworth2004,
  author        = {Andrew Hollingworth},
  title         = {Constructing visual representations of natural scenes: the roles of short- and long-term visual memory.},
  journal       = {Journal of experimental psychology. Human perception and performance},
  year          = {2004},
  volume        = {30 3},
  pages        = {519-37},
}

@Article{Mumford1992,
  author        = {David Mumford},
  title         = {On the computational architecture of the neocortex},
  journal       = {Biological Cybernetics},
  year          = {1992},
  volume        = {66},
  number        = {3},
  pages        = {241--251},
  doi           = {10.1007/BF00198477},
}

@Article{Deco2001,
  author        = {Gustavo Deco and Bernd Sch{\"{u}}rmann},
  title         = {Predictive Coding in the Visual Cortex by a Recurrent Network with Gabor Receptive Fields},
  journal       = {Neural Processing Letters},
  year          = {2001},
  volume        = {14},
  number        = {2},
  pages        = {107--114},
  doi           = {10.1023/A:1012423722458},
}

@InProceedings{Ouden2012,
  author        = {Hanneke E. M. den Ouden and Peter Kok and Floris P. de Lange},
  title         = {How Prediction Errors Shape Perception, Attention, and Motivation},
  booktitle     = {Front. Psychology},
  year          = {2012},
}

@Article{Lotter2015,
  author        = {William Lotter and Gabriel Kreiman and David D. Cox},
  title         = {Unsupervised Learning of Visual Structure using Predictive Generative Networks},
  journal       = {arXiv:1511.06380},
  year          = {2015},
}

@Article{Cricri2016,
  author        = {Francesco Cricri and Xingyang Ni and Mikko Honkala and Emre Aksu and Moncef Gabbouj},
  title         = {Video Ladder Networks},
  journal       = {arXiv:1612.01756},
  year          = 2016,
}

@InProceedings{Klein2015,
  author        = {B. {Klein} and L. {Wolf} and Y. {Afek}},
  title         = {A Dynamic Convolutional Layer for short rangeweather prediction},
  booktitle     = {{CVPR}},
  year          = {2015},
  pages        = {4840-4848},
  doi           = {10.1109/CVPR.2015.7299117},
}

@Article{Soomro2012,
  author        = {Khurram Soomro and Amir Roshan Zamir and Mubarak Shah},
  title         = {{UCF101:} {A} Dataset of 101 Human Actions Classes From Videos in The Wild},
  journal       = {arXiv:1212.0402},
  year          = {2012},
}

@Article{Wang2004,
  author        = {Zhou Wang and Alan C. Bovik and Hamid R. Sheikh and Eero P. Simoncelli},
  title         = {Image quality assessment: from error visibility to structural similarity},
  journal       = {Trans. on Image Processing},
  year          = {2004},
  volume        = {13},
  number        = {4},
  pages        = {600--612},
  doi           = {10.1109/TIP.2003.819861},
}

@Article{Hochreiter1997,
  author        = {Sepp Hochreiter and J{\"{u}}rgen Schmidhuber},
  title         = {Long Short-Term Memory},
  journal       = {Neural Computation},
  year          = {1997},
  volume        = {9},
  number        = {8},
  pages        = {1735--1780},
  doi           = {10.1162/neco.1997.9.8.1735},
}

@Article{Graves2013,
  author        = {Alex Graves},
  title         = {Generating Sequences With Recurrent Neural Networks},
  journal       = {arXiv:1308.0850},
  year          = {2013},
  volume        = {abs/1308.0850},
}

@InProceedings{Brox2004,
  author        = {Thomas Brox and Andr{\'{e}}s Bruhn and Nils Papenberg and Joachim Weickert},
  title         = {High Accuracy Optical Flow Estimation Based on a Theory for Warping},
  booktitle     = {{ECCV}},
  year          = {2004},
  editor        = {Tom{\'{a}}s Pajdla and Jiri Matas},
  volume        = {3024},
  pages        = {25--36},
  doi           = {10.1007/978-3-540-24673-2\_3},
}

@incollection{Goodfellow2014,
    title = {Generative Adversarial Nets},
    author = {Goodfellow, Ian and Pouget-Abadie, Jean and Mirza, Mehdi and Xu, Bing and Warde-Farley, David and Ozair, Sherjil and Courville, Aaron and Bengio, Yoshua},
    booktitle = {{N}eur{IPS}},
    pages = {2672--2680},
    year = {2014},
}

@InProceedings{Tulyakov2018,
  author        = {Tulyakov, Sergey and Liu, Ming-Yu and Yang, Xiaodong and Kautz, Jan},
  title         = {{M}o{C}o{GAN}: {D}ecomposing Motion and Content for Video Generation},
  booktitle     = {{CVPR}},
  year          = {2018},
  month         = {June},
}

@Article{Ionescu2014,
  author        = {Catalin Ionescu and Dragos Papava and Vlad Olaru and Cristian Sminchisescu},
  title         = {Human3.6M: Large Scale Datasets and Predictive Methods for 3D Human Sensing in Natural Environments},
  journal       = {TPAMI},
  year          = {2014},
  volume        = {36},
  number        = {7},
  pages        = {1325--1339},
}

@InProceedings{Theis2016,
  author        = {Lucas Theis and A{\"{a}}ron van den Oord and Matthias Bethge},
  title         = {A note on the evaluation of generative models},
  booktitle     = {{ICLR}},
  year          = {2016},
}

@InCollection{Michalski2014,
  author        = {Michalski, Vincent and Memisevic, Roland and Konda, Kishore},
  title         = {Modeling Deep Temporal Dependencies with Recurrent Grammar Cells},
  booktitle     = {NeurIPS},
  year          = {2014},
  pages        = {1925--1933},
}

@Article{Geiger2013,
  author        = {Geiger, Andreas and Lenz, Philip and Stiller, Christoph and Urtasun, Raquel},
  title         = {Vision meets robotics: The KITTI dataset},
  journal       = {IJRR},
  year          = {2013},
  volume        = {32},
  number        = {11},
  pages        = {1231--1237},
}

@Article{Mirza2014,
  author        = {Mehdi Mirza and Simon Osindero},
  title         = {Conditional Generative Adversarial Nets},
  journal       = {arXiv:1411.1784},
  year          = {2014},
}

@Article{Cho2014,
  author        = {Kyunghyun Cho and Bart van Merrienboer and {\c{C}}aglar G{\"{u}}l{\c{c}}ehre and Fethi Bougares and Holger Schwenk and Yoshua Bengio},
  title         = {Learning Phrase Representations using {RNN} Encoder-Decoder for Statistical Machine Translation},
  journal = {{EMNLP}},
  pages     = {1724--1734},
  year      = {2014},
}

@Article{Bauer2019,
  author        = {Bauer, Zuria and Gomez-Donoso, Francisco and Cruz, Edmanuel and Orts-Escolano, Sergio and Cazorla, Miguel},
  title         = {{UASOL}, a large-scale high-resolution outdoor stereo dataset},
  journal       = {Scientific Data},
  year          = {2019},
  volume        = {6},
  number        = {1},
  pages        = {162},
  issn          = {2052-4463},
  doi           = {10.1038/s41597-019-0168-5},
}

@Article{Thomee2016,
  author        = {Bart Thomee and David A. Shamma and Gerald Friedland and Benjamin Elizalde and Karl Ni and Douglas Poland and Damian Borth and Li{-}Jia Li},
  title         = {{YFCC100M:} the new data in multimedia research},
  journal       = {Commun. {ACM}},
  year          = {2016},
  volume        = {59},
  number        = {2},
  pages        = {64--73},
  doi           = {10.1145/2812802},
}

@InProceedings{Radford2016,
  author    = {Alec Radford and Luke Metz and Soumith Chintala},
  title     = {Unsupervised Representation Learning with Deep Convolutional Generative Adversarial Networks},
  booktitle = {ICLR},
  year      = {2016},
}

@InProceedings{Simonyan2014,
  author        = {Karen Simonyan and Andrew Zisserman},
  title         = {Two-Stream Convolutional Networks for Action Recognition in Videos},
  booktitle     = {NeurIPS},
  year          = {2014},
  editor        = {Zoubin Ghahramani and Max Welling and Corinna Cortes and Neil D. Lawrence and Kilian Q. Weinberger},
  pages        = {568--576},
}

@Article{Rumelhart1986,
  author        = {Rumelhart, David E. and Hinton, Geoffrey E. and Williams, Ronald J.},
  title         = {Learning representations by back-propagating errors},
  journal       = {Nature},
  year          = {1986},
  volume        = {323},
  number        = {6088},
  pages        = {533-536},
  issn          = {1476-4687},
  doi           = {10.1038/323533a0},
}

@InProceedings{Memisevic2011,
  author        = {Memisevic, Roland},
  title         = {Gradient-based Learning of Higher-order Image Features},
  booktitle     = {ICCV},
  year          = {2011},
  pages        = {1591--1598},
  doi           = {10.1109/ICCV.2011.6126419},
  isbn          = {978-1-4577-1101-5},
  numpages      = {8},
}

@InProceedings{LeCun2004,
  author        = {Yann LeCun and Fu Jie Huang and L{\'{e}}on Bottou},
  title         = {Learning Methods for Generic Object Recognition with Invariance to Pose and Lighting},
  booktitle     = {CVPR},
  year          = {2004},
  pages        = {97--104},
  doi           = {10.1109/CVPR.2004.144},
}

@InProceedings{Memisevic2013,
  author        = {Roland Memisevic and Georgios Exarchakis},
  title         = {Learning invariant features by harnessing the aperture problem},
  booktitle     = {ICML},
  year          = {2013},
  volume        = {28},
  pages        = {100--108},
}

@InProceedings{Liang2017,
  author        = {Xiaodan Liang and Lisa Lee and Wei Dai and Eric P. Xing},
  title         = {Dual Motion {GAN} for Future-Flow Embedded Video Prediction},
  booktitle     = {ICCV},
  year          = {2017},
  pages        = {1762--1770},
  doi           = {10.1109/ICCV.2017.194},
}

@Article{Vezzani2010,
  author        = {Roberto Vezzani and Rita Cucchiara},
  title         = {Video Surveillance Online Repository (ViSOR): an integrated framework},
  journal       = {Multimedia Tools Appl.},
  year          = {2010},
  volume        = {50},
  number        = {2},
  pages        = {359--380},
  doi           = {10.1007/s11042-009-0402-9},
}

@Article{Memisevic2013a,
  author        = {R. Memisevic},
  title         = {Learning to Relate Images},
  journal       = {TPAMI},
  year          = {2013},
  volume        = {35},
  number        = {8},
  pages        = {1829--1846},
  doi           = {10.1109/TPAMI.2013.53},
}

@InProceedings{Ying2018,
  author        = {Guohao Ying and Yingtian Zou and Lin Wan and Yiming Hu and Jiashi Feng},
  title         = {Better Guider Predicts Future Better: Difference Guided Generative Adversarial Networks},
  booktitle     = {ACCV},
  year          = {2018},
  volume        = {11366},
  pages        = {277--292},
  doi           = {10.1007/978-3-030-20876-9\_18},
}

@Article{Lecun1998,
  author        = {Y. {Lecun} and L. {Bottou} and Y. {Bengio} and P. {Haffner}},
  title         = {Gradient-based learning applied to document recognition},
  journal       = {Proceedings of the IEEE},
  year          = {1998},
  volume        = {86},
  number        = {11},
  pages        = {2278-2324},
  month         = {Nov},
  doi           = {10.1109/5.726791},
}

@Article{Idrees2017,
  author        = {Haroon Idrees and Amir Roshan Zamir and Yu{-}Gang Jiang and Alex Gorban and Ivan Laptev and Rahul Sukthankar and Mubarak Shah},
  title         = {The {THUMOS} challenge on action recognition for videos "in the wild"},
  journal       = {CVIU},
  year          = {2017},
  volume        = {155},
  pages        = {1--23},
  doi           = {10.1016/j.cviu.2016.10.018},
}

@inproceedings{Wang2019,
    author    = {Junyan Wang and
               Bingzhang Hu and
               Yang Long and
               Yu Guan},
    title     = {{O}rder {M}atters: {S}huffling Sequence Generation for Video Prediction},
    booktitle = {BMVC},
    pages     = {275.1--275.14},
    year      = {2019}}

@inproceedings{Villegas2019,
  author    = {Ruben Villegas and Arkanath Pathak and Harini Kannan and Dumitru Erhan and Quoc V. Le and Honglak Lee},
  title     = {High Fidelity Video Prediction with Large Stochastic Recurrent Neural Networks},
  booktitle = {NeurIPS},
  pages     = {81--91},
  year      = {2019}
}

@Article{Lee2018,
  author        = {Alex X. Lee and Richard Zhang and Frederik Ebert and Pieter Abbeel and Chelsea Finn and Sergey Levine},
  title         = {Stochastic Adversarial Video Prediction},
  journal       = {arXiv:1804.01523},
  year          = {2018},
}

@InProceedings{Huang2018,
  author        = {Huang, De-An and Ramanathan, Vignesh and Mahajan, Dhruv and Torresani, Lorenzo and Paluri, Manohar and Fei-Fei, Li and Carlos Niebles, Juan},
  title         = {What Makes a Video a Video: Analyzing Temporal Information in Video Understanding Models and Datasets},
  booktitle     = {CVPR},
  year          = {2018},
  month         = {June},
}

@InProceedings{Hsieh2018,
  author        = {Jun{-}Ting Hsieh and Bingbin Liu and De{-}An Huang and Fei{-}Fei Li and Juan Carlos Niebles},
  title         = {Learning to Decompose and Disentangle Representations for Video Prediction},
  booktitle     = {NeurIPS},
  year          = {2018},
  pages        = {515--524},
}

@InProceedings{Denton2018,
  author        = {Emily Denton and Rob Fergus},
  title         = {Stochastic Video Generation with a Learned Prior},
  booktitle     = {ICML},
  year          = {2018},
  editor        = {Jennifer G. Dy and Andreas Krause},
  volume        = {80},
  series        = {Proceedings of Machine Learning Research},
  pages        = {1182--1191},
}

@InProceedings{Byeon2018,
  author    = {Wonmin Byeon and Qin Wang and Rupesh Kumar Srivastava and Petros Koumoutsakos},
  title     = {ContextVP: Fully Context-Aware Video Prediction},
  booktitle = {CVPR (Workshops)},
  year      = {2018},
  pages    = {1122--1126},
}

@InProceedings{Babaeizadeh2018,
  author        = {Mohammad Babaeizadeh and Chelsea Finn and Dumitru Erhan and Roy H. Campbell and Sergey Levine},
  title         = {Stochastic Variational Video Prediction},
  booktitle     = {ICLR},
  year          = {2018},
}

@InProceedings{Chen2017,
  author        = {Chen, Xiongtao and Wang, Wenmin and Wang, Jinzhuo and Li, Weimian},
  title         = {Learning Object-Centric Transformation for Video Prediction},
  booktitle     = {ACM-MM},
  year          = {2017},
  series        = {MM '17},
  pages        = {1503--1512},
  address       = {New York, NY, USA},
  publisher     = {ACM},
  doi           = {10.1145/3123266.3123349},
  isbn          = {978-1-4503-4906-2},
  numpages      = {10},
}

@InProceedings{Yan2016,
  author    = {Xinchen Yan and Jimei Yang and Kihyuk Sohn and Honglak Lee},
  title     = {Attribute2Image: Conditional Image Generation from Visual Attributes},
  booktitle = {ECCV},
  year      = {2016},
  pages  = {776--791},
  doi       = {10.1007/978-3-319-46493-0\_47}
}

@InProceedings{Kingma2014,
  author    = {Diederik P. Kingma and Max Welling},
  title     = {Auto-Encoding Variational Bayes},
  booktitle = {ICLR},
  year      = {2014},
}

@Article{Wu2012,
  author    = {Hao{-}Yu Wu and Michael Rubinstein and Eugene Shih and John V. Guttag and Fr{\'{e}}do Durand and William T. Freeman},
  title     = {Eulerian video magnification for revealing subtle changes in the world},
  journal   = {ToG},
  year      = {2012},
  volume    = {31},
  number    = {4},
  pages    = {65:1--65:8},
  doi       = {10.1145/2185520.2185561},
}

@InProceedings{Reda2018,
  author        = {Reda, Fitsum A. and Liu, Guilin and Shih, Kevin J. and Kirby, Robert and Barker, Jon and Tarjan, David and Tao, Andrew and Catanzaro, Bryan},
  title         = {{SDC}-{N}et: {V}ideo prediction using spatially-displaced convolution},
  booktitle     = {ECCV},
  year          = {2018},
}

@InProceedings{He2016,
  author        = {Kaiming He and Xiangyu Zhang and Shaoqing Ren and Jian Sun},
  title         = {Deep Residual Learning for Image Recognition},
  booktitle     = {CVPR},
  year          = {2016},
  pages        = {770--778},
  doi           = {10.1109/CVPR.2016.90},
}

@Article{Cleeremans1991,
  author        = {Cleeremans, Axel and McClelland, James L},
  title         = {Learning the structure of event sequences.},
  journal       = {Journal of Experimental Psychology: General},
  year          = {1991},
  volume        = {120},
  number        = {3},
  pages        = {235},
}

@Article{Baker2014,
  author        = {Baker, Rosalind and Dexter, Matthew and Hardwicke, Tom E and Goldstone, Aimee and Kourtzi, Zoe},
  title         = {Learning to predict: Exposure to temporal sequences facilitates prediction of future events},
  journal       = {Vision Research},
  year          = {2014},
  volume        = {99},
  pages        = {124--133},
}

@InProceedings{Wei2018,
  author        = {Donglai Wei and Joseph J. Lim and Andrew Zisserman and William T. Freeman},
  title         = {Learning and Using the Arrow of Time},
  booktitle     = {{CVPR}},
  year          = {2018},
  pages        = {8052--8060},
}

@Article{Janocha2017,
  author        = {Katarzyna Janocha and Wojciech Marian Czarnecki},
  title         = {On Loss Functions for Deep Neural Networks in Classification},
  journal       = {arXiv:1702.05659},
  year          = {2017},
}

@Article{Zhao2017,
  author        = {Hang Zhao and Orazio Gallo and Iuri Frosio and Jan Kautz},
  title         = {Loss Functions for Image Restoration With Neural Networks},
  journal       = {Trans. on Computational Imaging},
  year          = {2017},
  volume        = {3},
  number        = {1},
  pages        = {47--57},
}

@InProceedings{Kendall2017,
  author        = {Kendall, Alex and Cipolla, Roberto},
  title         = {Geometric Loss Functions for Camera Pose Regression With Deep Learning},
  booktitle     = {CVPR},
  year          = {2017},
}

@InProceedings{Fan2019,
  author    = {Hehe Fan and Linchao Zhu and Yi Yang},
  title     = {Cubic LSTMs for Video Prediction},
  booktitle = {{AAAI}},
  year      = {2019},
  pages    = {8263--8270},
}

@Article{Jaegle2018,
  author        = {Andrew Jaegle and Oleh Rybkin and Konstantinos G. Derpanis and Kostas Daniilidis},
  title         = {Predicting the Future with Transformational States},
  journal       = {arXiv:1803.09760},
  year          = {2018},
}

@InProceedings{Johnson2016,
  author        = {Justin Johnson and Alexandre Alahi and Li Fei{-}Fei},
  title         = {Perceptual Losses for Real-Time Style Transfer and Super-Resolution},
  booktitle     = {ECCV},
  year          = {2016},
  pages        = {694--711},
}

@Article{LeCun2015,
  author        = {Yann LeCun and Yoshua Bengio and Geoffrey E. Hinton},
  title         = {Deep learning},
  journal       = {Nature},
  year          = {2015},
  volume        = {521},
  number        = {7553},
  pages        = {436--444},
  doi           = {10.1038/nature14539},
}

@Article{Bengio2013,
  author        = {Yoshua Bengio and Aaron C. Courville and Pascal Vincent},
  title         = {Representation Learning: {A} Review and New Perspectives},
  journal       = {TPAMI},
  year          = {2013},
  volume        = {35},
  number        = {8},
  pages        = {1798--1828},
}

@InProceedings{Saito2017,
  author        = {Masaki Saito and Eiichi Matsumoto and Shunta Saito},
  title         = {Temporal Generative Adversarial Nets with Singular Value Clipping},
  booktitle     = {{ICCV}},
  year          = {2017},
  pages        = {2849--2858},
}

@InProceedings{Chen2017a,
  author        = {Baoyang Chen and Wenmin Wang and Jinzhuo Wang},
  title         = {Video Imagination from a Single Image with Transformation Generation},
  booktitle     = {{ACM} Multimedia},
  year          = {2017},
  pages        = {358--366},
}

@InProceedings{Bhattacharjee2017,
  author    = {Prateep Bhattacharjee and Sukhendu Das},
  title     = {Temporal Coherency based Criteria for Predicting Video Frames using Deep Multi-stage Generative Adversarial Networks},
  booktitle = {{N}eur{IPS}},
  year      = {2017},
  pages    = {4268--4277},
}

@InProceedings{Chiappa2017,
  author    = {Silvia Chiappa and S{\'{e}}bastien Racani{\`{e}}re and Daan Wierstra and Shakir Mohamed},
  title     = {Recurrent Environment Simulators},
  booktitle = {{ICLR}},
  year      = {2017},
}

@Article{Memisevic2010,
  author        = {Roland Memisevic and Geoffrey E. Hinton},
  title         = {Learning to Represent Spatial Transformations with Factored Higher-Order Boltzmann Machines},
  journal       = {Neural Computation},
  year          = {2010},
  volume        = {22},
  number        = {6},
  pages        = {1473--1492},
}

@Article{Breuleux2011,
  author        = {Olivier Breuleux and Yoshua Bengio and Pascal Vincent},
  title         = {Quickly Generating Representative Samples from an RBM-Derived Process},
  journal       = {Neural Computation},
  year          = {2011},
  volume        = {23},
  number        = {8},
  pages        = {2058--2073},
}

@Article{Cadieu2012,
  author        = {Charles F. Cadieu and Bruno A. Olshausen},
  title         = {Learning Intermediate-Level Representations of Form and Motion from Natural Movies},
  journal       = {Neural Computation},
  year          = {2012},
  volume        = {24},
  number        = {4},
  pages        = {827--866},
}

@InProceedings{Sutskever2008,
  author        = {Ilya Sutskever and Geoffrey E. Hinton and Graham W. Taylor},
  title         = {The Recurrent Temporal Restricted Boltzmann Machine},
  booktitle     = {{N}eur{IPS}},
  year          = {2008},
  pages        = {1601--1608},
}

@InProceedings{Schuldt2004,
  author        = {Christian Sch{\"{u}}ldt and Ivan Laptev and Barbara Caputo},
  title         = {Recognizing Human Actions: {A} Local {SVM} Approach},
  booktitle     = {{ICPR}},
  year          = {2004},
  pages        = {32--36},
}

@Article{Gorelick2007,
  author        = {Lena Gorelick and Moshe Blank and Eli Shechtman and Michal Irani and Ronen Basri},
  title         = {Actions as Space-Time Shapes},
  journal       = {TPAMI},
  year          = {2007},
  volume        = {29},
  number        = {12},
  pages        = {2247--2253},
}

@Article{Bellemare2013,
  author        = {Marc G. Bellemare and Yavar Naddaf and Joel Veness and Michael Bowling},
  title         = {The Arcade Learning Environment: An Evaluation Platform for General Agents},
  journal       = {J. Artif. Intell. Res.},
  year          = {2013},
  volume        = {47},
  pages        = {253--279},
}

@InProceedings{Jayaraman2016,
  author        = {Dinesh Jayaraman and Kristen Grauman},
  title         = {Look-Ahead Before You Leap: End-to-End Active Recognition by Forecasting the Effect of Motion},
  booktitle     = {{ECCV}},
  year          = {2016},
  volume        = {9909},
  pages        = {489--505},
}

@InProceedings{Cordts2016,
  author        = {Cordts, Marius and Omran, Mohamed and Ramos, Sebastian and Rehfeld, Timo and Enzweiler, Markus and Benenson, Rodrigo and Franke, Uwe and Roth, Stefan and Schiele, Bernt},
  title         = {The Cityscapes Dataset for Semantic Urban Scene Understanding},
  booktitle     = {CVPR},
  year          = {2016},
}

@InProceedings{Ba2014,
  author        = {Jimmy Ba and Rich Caruana},
  title         = {Do Deep Nets Really Need to be Deep?},
  booktitle     = {{N}eur{IPS}},
  year          = {2014},
  pages        = {2654--2662},
}

@InProceedings{Brostow2008,
  author        = {Gabriel J. Brostow and Jamie Shotton and Julien Fauqueur and Roberto Cipolla},
  title         = {Segmentation and Recognition Using Structure from Motion Point Clouds},
  booktitle     = {{ECCV}},
  year          = {2008},
  volume        = {5302},
  pages        = {44--57},
}

@Article{Vora2018,
  author        = {Suhani Vora and Reza Mahjourian and S{\"{o}}ren Pirk and Anelia Angelova},
  title         = {Future Segmentation Using 3D Structure},
  journal       = {arXiv:1811.11358},
  year          = {2018},
}

@Article{Santana2016,
  author        = {Eder Santana and George Hotz},
  title         = {Learning a Driving Simulator},
  journal       = {arXiv:1608.01230},
  year          = {2016},
}

@Article{Torralba2008,
  author        = {A. {Torralba} and R. {Fergus} and W. T. {Freeman}},
  title         = {80 Million Tiny Images: A Large Data Set for Nonparametric Object and Scene Recognition},
  journal       = {TPAMI},
  year          = {2008},
  volume        = {30},
  number        = {11},
  pages        = {1958-1970},
  month         = {Nov},
  issn          = {1939-3539},
  doi           = {10.1109/TPAMI.2008.128},
}

@InProceedings{Sun2019,
  author        = {Jiangxin Sun and Jiafeng Xie and Jianfang Hu and Zihang Lin and Jianhuang Lai and Wenjun Zeng and Wei{-}Shi Zheng},
  title         = {Predicting Future Instance Segmentation with Contextual Pyramid Conv{LSTM}s},
  booktitle     = {{ACM} Multimedia},
  year          = {2019},
  pages        = {2043--2051},
  publisher     = {{ACM}},
}

@InProceedings{Xu2018,
  author        = {Jingwei Xu and Bingbing Ni and Zefan Li and Shuo Cheng and Xiaokang Yang},
  title         = {Structure Preserving Video Prediction},
  booktitle     = {{CVPR}},
  year          = {2018},
  pages        = {1460--1469},
}

@InProceedings{Terwilliger2019,
  author        = {A. {Terwilliger} and G. {Brazil} and X. {Liu}},
  title         = {Recurrent Flow-Guided Semantic Forecasting},
  booktitle     = {WACV},
  year          = {2019},
  pages        = {1703-1712},
  doi           = {10.1109/WACV.2019.00186},
  issn          = {1550-5790},
}

@InProceedings{Zhao2017a,
  author        = {Hengshuang Zhao and Jianping Shi and Xiaojuan Qi and Xiaogang Wang and Jiaya Jia},
  title         = {Pyramid Scene Parsing Network},
  booktitle     = {{CVPR}},
  year          = {2017},
  pages        = {6230--6239},
}

@InProceedings{Yu2017,
  author        = {Fisher Yu and Vladlen Koltun and Thomas A. Funkhouser},
  title         = {Dilated Residual Networks},
  booktitle     = {{CVPR}},
  year          = {2017},
  pages        = {636--644},
}

@Article{Huang2018a,
  author        = {Xinyu Huang and Xinjing Cheng and Qichuan Geng and Binbin Cao and Dingfu Zhou and Peng Wang and Yuanqing Lin and Ruigang Yang},
  title         = {The ApolloScape Dataset for Autonomous Driving},
  journal       = {arXiv: 1803.06184},
  year          = {2018},
}

@InProceedings{Bhattacharyya2019,
  author        = {Apratim Bhattacharyya and Mario Fritz and Bernt Schiele},
  title         = {Bayesian Prediction of Future Street Scenes using Synthetic Likelihoods},
  booktitle     = {{ICLR}},
  year          = {2019},
}

@InProceedings{Makansi2019,
  author        = {Makansi, Osama and Ilg, Eddy and Cicek, Ozgun and Brox, Thomas},
  title         = {Overcoming Limitations of Mixture Density Networks: A Sampling and Fitting Framework for Multimodal Future Prediction},
  booktitle     = {CVPR},
  year          = {2019},
}

@Article{Bhattacharyya2019a,
  author        = {Apratim Bhattacharyya and Michael Hanselmann and Mario Fritz and Bernt Schiele and Christoph{-}Nikolas Straehle},
  title         = {Conditional Flow Variational Autoencoders for Structured Sequence Prediction},
  journal       = {arXiv:1908.09008},
  year          = {2019},
}

@InProceedings{Kwon2019,
  author        = {Kwon, Yong-Hoon and Park, Min-Gyu},
  title         = {Predicting Future Frames Using Retrospective Cycle GAN},
  booktitle     = {CVPR},
  year          = {2019},
}

@InProceedings{Hwang2019,
  author        = {Hwang, Jyh-Jing and Ke, Tsung-Wei and Shi, Jianbo and Yu, Stella X.},
  title         = {Adversarial Structure Matching for Structured Prediction Tasks},
  booktitle     = {CVPR},
  year          = {2019},
}

@InProceedings{Bhattacharjee2019,
  author        = {P. {Bhattacharjee} and S. {Das}},
  title         = {Directional Attention based Video Frame Prediction using Graph Convolutional Networks},
  booktitle     = {IJCNN},
  year          = {2019},
  pages        = {1-10},
  month         = {July},
  doi           = {10.1109/IJCNN.2019.8852090},
  issn          = {2161-4393},
}

@InProceedings{He2017,
  author        = {Kaiming He and Georgia Gkioxari and Piotr Doll{\'{a}}r and Ross B. Girshick},
  title         = {Mask {R-CNN}},
  booktitle     = {{ICCV}},
  year          = {2017},
  pages        = {2980--2988},
}

@InProceedings{Seguin2016,
  author    = {Guillaume Seguin and Piotr Bojanowski and R{\'{e}}mi Lajugie and Ivan Laptev},
  title     = {Instance-Level Video Segmentation from Object Tracks},
  booktitle = {{CVPR}},
  year      = {2016},
  pages    = {3678--3687},
}

@Article{Rosca2017,
  author        = {Mihaela Rosca and Balaji Lakshminarayanan and David Warde{-}Farley and Shakir Mohamed},
  title         = {Variational Approaches for Auto-Encoding Generative Adversarial Networks},
  journal       = {arXiv:1706.04987},
  year          = {2017},
}

@InProceedings{Dosovitskiy2016,
  author        = {Alexey Dosovitskiy and Thomas Brox},
  title         = {Generating Images with Perceptual Similarity Metrics based on Deep Networks},
  booktitle     = {{N}eur{IPS}},
  year          = {2016},
  pages        = {658--666},
}

@InProceedings{Ledig2017,
  author    = {Christian Ledig and Lucas Theis and Ferenc Huszar and Jose Caballero and Andrew Cunningham and Alejandro Acosta and Andrew P. Aitken and Alykhan Tejani and Johannes Totz and Zehan Wang and Wenzhe Shi},
  title     = {Photo-Realistic Single Image Super-Resolution Using a Generative Adversarial Network},
  booktitle = {{CVPR}},
  year      = {2017},
  pages    = {105--114},
}

@InProceedings{Sajjadi2017,
  author    = {Mehdi S. M. Sajjadi and Bernhard Sch{\"{o}}lkopf and Michael Hirsch},
  title     = {EnhanceNet: Single Image Super-Resolution Through Automated Texture Synthesis},
  booktitle = {{ICCV}},
  year      = {2017},
  pages    = {4501--4510},
}

@InProceedings{Zhu2016,
  author    = {Jun{-}Yan Zhu and Philipp Kr{\"{a}}henb{\"{u}}hl and Eli Shechtman and Alexei A. Efros},
  title     = {Generative Visual Manipulation on the Natural Image Manifold},
  booktitle = {{ECCV}},
  year      = {2016},
  volume    = {9909},
  series    = {Lecture Notes in Computer Science},
  pages    = {597--613},
}

@InProceedings{Niklaus2017,
  author    = {Simon Niklaus and Long Mai and Feng Liu},
  title     = {Video Frame Interpolation via Adaptive Separable Convolution},
  booktitle = {{ICCV}},
  year      = {2017},
  pages    = {261--270}
}

@InProceedings{Niklaus2017a,
  author    = {Simon Niklaus and Long Mai and Feng Liu},
  title     = {Video Frame Interpolation via Adaptive Convolution},
  booktitle = {{CVPR}},
  year      = {2017},
  pages    = {2270--2279}
}

@Article{Abu-El-Haija2016,
  author        = {Sami Abu{-}El{-}Haija and Nisarg Kothari and Joonseok Lee and Paul Natsev and George Toderici and Balakrishnan Varadarajan and Sudheendra Vijayanarasimhan},
  title         = {YouTube-8M: {A} Large-Scale Video Classification Benchmark},
  journal       = {arXiv:1609.08675},
  year          = {2016},
}

@Book{Hawkins2004,
  title         = {On Intelligence},
  publisher     = {Times Books},
  year          = {2004},
  author        = {Hawkins, Jeff and Blakeslee, Sandra},
  isbn          = {0805074562},
}

@Article{He2015,
  author        = {Kaiming He and Xiangyu Zhang and Shaoqing Ren and Jian Sun},
  title         = {Spatial Pyramid Pooling in Deep Convolutional Networks for Visual Recognition},
  journal       = {TPAMI},
  year          = {2015},
  volume        = {37},
  number        = {9},
  pages        = {1904--1916},
}

@InProceedings{Reed2016,
  author        = {Scott E. Reed and Zeynep Akata and Santosh Mohan and Samuel Tenka and Bernt Schiele and Honglak Lee},
  title         = {Learning What and Where to Draw},
  booktitle     = {{N}eur{IPS}},
  year          = {2016},
  pages        = {217--225},
}

@InProceedings{Reed2015,
  author        = {Scott E. Reed and Yi Zhang and Yuting Zhang and Honglak Lee},
  title         = {Deep Visual Analogy-Making},
  booktitle     = {{N}eur{IPS}},
  year          = {2015},
  pages        = {1252--1260},
}

@InProceedings{Newell2016,
  author        = {Alejandro Newell and Kaiyu Yang and Jia Deng},
  title         = {Stacked Hourglass Networks for Human Pose Estimation},
  booktitle     = {{ECCV}},
  year          = {2016},
  volume        = {9912},
  pages        = {483--499},
}

@InProceedings{Zhang2013,
  author        = {Weiyu Zhang and Menglong Zhu and Konstantinos G. Derpanis},
  title         = {From Actemes to Action: {A} Strongly-Supervised Representation for Detailed Action Understanding},
  booktitle     = {{ICCV}},
  year          = {2013},
  pages        = {2248--2255},
}

@InProceedings{Song2017,
  author        = {Shuran Song and Fisher Yu and Andy Zeng and Angel X. Chang and Manolis Savva and Thomas A. Funkhouser},
  title         = {Semantic Scene Completion from a Single Depth Image},
  booktitle     = {{CVPR}},
  year          = {2017},
  pages        = {190--198}
}

@InProceedings{Zhang2019,
  author        = {J. {Zhang} and Y. {Wang} and M. {Long} and W. {Jianmin} and P. S. {Yu}},
  title         = {Z-Order Recurrent Neural Networks for Video Prediction},
  booktitle     = {ICME},
  year          = {2019},
  pages      = {230-235},
  doi           = {10.1109/ICME.2019.00048},
  issn          = {1945-7871},
}

@InProceedings{Hou2019,
  author        = {R. {Hou} and H. {Chang} and B. {Ma} and X. {Chen}},
  title         = {Video Prediction with Bidirectional Constraint Network},
  booktitle     = {FG},
  year          = {2019},
  pages      = {1-8},
  doi           = {10.1109/FG.2019.8756585},
}

@InProceedings{Wang2019b,
  author        = {Yunbo Wang and Lu Jiang and Ming-Hsuan Yang and Li-Jia Li and Mingsheng Long and Li Fei-Fei},
  title         = {Eidetic 3D {LSTM}: A Model for Video Prediction and Beyond},
  booktitle     = {ICLR},
  year          = {2019},
}

@InProceedings{Ye2019,
  author        = {Ye, Yufei and Singh, Maneesh and Gupta, Abhinav and Tulsiani, Shubham},
  title         = {Compositional Video Prediction},
  booktitle     = {ICCV},
  year          = {2019},
  month         = {October},
}

@Article{Aigner2018,
  author        = {Sandra Aigner and Marco K{\"{o}}rner},
  title         = {FutureGAN: Anticipating the Future Frames of Video Sequences using Spatio-Temporal 3d Convolutions in Progressively Growing Autoencoder GANs},
  journal       = {arXiv:1810.01325},
  year          = {2018},
}

@Book{Cleeremans1993,
  title         = {Mechanisms of implicit learning: Connectionist models of sequence processing},
  publisher     = {MIT press},
  year          = {1993},
  author        = {Cleeremans, Axel and Elman, Jeffrey},
}

@inproceedings{Garcia2018b,
	title={The RobotriX: An Extremely Photorealistic and Very-Large-Scale Indoor Dataset of Sequences with Robot Trajectories and Interactions},
	author={Garcia-Garcia, Alberto and Martinez-Gonzalez, Pablo and Oprea, Sergiu and Castro-Vargas, John Alejandro and Orts-Escolano, Sergio and Garcia-Rodriguez, Jose and Jover-Alvarez, Alvaro},
	booktitle={IROS},
	pages={6790--6797},
	year={2018},
}

@Article{Martinez2019,
  author  = {Martinez-Gonzalez, Pablo and Oprea, Sergiu and Garcia-Garcia, Alberto and Jover-Alvarez, Alvaro and Orts-Escolano, Sergio and Garcia-Rodriguez, Jose},
  title   = {{UnrealROX}: An eXtremely Photorealistic Virtual Reality Environment for Robotics Simulations and Synthetic Data Generation},
  journal = {Virtual Reality},
  year    = {2019},
  issn    = {1434-9957},
  doi     = {10.1007/s10055-019-00399-5},
}

@Article{Fragkiadaki2017,
  author  = {Katerina Fragkiadaki and Jonathan Huang and Alex Alemi and Sudheendra Vijayanarasimhan and Susanna Ricco and Rahul Sukthankar},
  title   = {Motion Prediction Under Multimodality with Conditional Stochastic Networks},
  journal = {arXiv:1705.02082},
  year    = {2017},
}

@InProceedings{Wang2017,
  author    = {Yunbo Wang and Mingsheng Long and Jianmin Wang and Zhifeng Gao and Philip S. Yu},
  title     = {PredRNN: Recurrent Neural Networks for Predictive Learning using Spatiotemporal LSTMs},
  booktitle = {{NeurIPS}},
  year      = {2017},
  pages    = {879--888},
}

@InProceedings{Wang2018,
  author    = {Yunbo Wang and Zhifeng Gao and Mingsheng Long and Jianmin Wang and Philip S. Yu},
  title     = {PredRNN++: Towards {A} Resolution of the Deep-in-Time Dilemma in Spatiotemporal Predictive Learning},
  booktitle = {{ICML}},
  year      = {2018},
  volume    = {80},
  series    = {Proceedings of Machine Learning Research},
  pages    = {5110--5119},
}

@InProceedings{Hinton2011,
  author    = {Geoffrey E. Hinton and Alex Krizhevsky and Sida D. Wang},
  title     = {Transforming Auto-Encoders},
  booktitle = {{ICANN}},
  year      = {2011},
  volume    = {6791},
  pages    = {44--51},
  publisher = {Springer},
}

@InProceedings{Brox2010,
  author    = {Thomas Brox and Jitendra Malik},
  title     = {Object Segmentation by Long Term Analysis of Point Trajectories},
  booktitle = {ECCV},
  year      = {2010},
  volume    = {6315},
  pages    = {282--295},
}

@InProceedings{Wichers2018,
  author    = {Nevan Wichers and Ruben Villegas and Dumitru Erhan and Honglak Lee},
  title     = {Hierarchical Long-term Video Prediction without Supervision},
  booktitle = {{ICML}},
  year      = {2018},
  volume    = {80},
  series    = {Proceedings of Machine Learning Research},
  pages    = {6033--6041},
}

@Article{Unterthiner2018,
  author  = {Thomas Unterthiner and Sjoerd van Steenkiste and Karol Kurach and Rapha{\"{e}}l Marinier and Marcin Michalski and Sylvain Gelly},
  title   = {Towards Accurate Generative Models of Video: {A} New Metric {\&} Challenges},
  journal = {arXiv:1812.01717},
  year    = {2018},
}

@inproceedings{Ebert2017,
  author    = {Frederik Ebert and Chelsea Finn and Alex X. Lee and Sergey Levine},
  title     = {Self-Supervised Visual Planning with Temporal Skip Connections},
  booktitle = {CoRL},
  series    = {Proc. of Machine Learning Research},
  volume    = {78},
  pages     = {344--356},
  year      = {2017}
}

@Article{Henaff2017,
  author  = {Mikael Henaff and Junbo Jake Zhao and Yann LeCun},
  title   = {Prediction Under Uncertainty with Error-Encoding Networks},
  journal = {arXiv:1711.04994},
  year    = {2017},
}

@Article{Schmidhuber1992,
  author  = {J{\"{u}}rgen Schmidhuber},
  title   = {Learning Complex, Extended Sequences Using the Principle of History Compression},
  journal = {Neural Computation},
  year    = {1992},
  volume  = {4},
  number  = {2},
  pages  = {234--242},
}

@inproceedings{Agrawal2016,
author = {Agrawal, Pulkit and Nair, Ashvin and Abbeel, Pieter and Malik, Jitendra and Levine, Sergey},
title = {Learning to Poke by Poking: Experiential Learning of Intuitive Physics},
year = {2016},
isbn = {9781510838819},
booktitle = {NeurIPS},
pages = {5092–5100},
numpages = {9},
}

@InProceedings{Mnih2016,
  author    = {Volodymyr Mnih and Adri{\`{a}} Puigdom{\`{e}}nech Badia and Mehdi Mirza and Alex Graves and Timothy P. Lillicrap and Tim Harley and David Silver and Koray Kavukcuoglu},
  title     = {Asynchronous Methods for Deep Reinforcement Learning},
  booktitle = {{ICML}},
  year      = {2016},
  volume    = {48},
  pages    = {1928--1937},
}

@InProceedings{Zhang2017,
  author    = {Jiakai Zhang and Kyunghyun Cho},
  title     = {Query-Efficient Imitation Learning for End-to-End Simulated Driving},
  booktitle = {{AAAI}},
  year      = {2017},
  pages    = {2891--2897},
}

@InProceedings{Castrejon2019,
  author    = {Castrejon, Lluis and Ballas, Nicolas and Courville, Aaron},
  title     = {Improved Conditional VRNNs for Video Prediction},
  booktitle = {ICCV},
  year      = {2019},
}

@InProceedings{Minderer2019,
  author    = {Matthias Minderer and Chen Sun and Ruben Villegas and Forrester Cole and Kevin P. Murphy and Honglak Lee},
  title     = {Unsupervised learning of object structure and dynamics from videos},
  booktitle = {NeurIPS},
  year      = {2019},
  pages    = {92--102},
}

@InProceedings{Xu2018a,
  author    = {Jingwei Xu and Bingbing Ni and Xiaokang Yang},
  title     = {Video Prediction via Selective Sampling},
  booktitle = {NeurIPS},
  year      = {2018},
  pages    = {1712--1722},
}

@Article{Pottorff2019,
  author  = {Robert Pottorff and Jared Nielsen and David Wingate},
  title   = {Video Extrapolation with an Invertible Linear Embedding},
  journal = {arXiv:1903.00133},
  year    = {2019},
}

@InProceedings{Tang2019,
  author    = {J. {Tang} and H. {Hu} and Q. {Zhou} and H. {Shan} and C. {Tian} and T. Q. S. {Quek}},
  title     = {Pose Guided Global and Local GAN for Appearance Preserving Human Video Prediction},
  booktitle = {ICIP},
  year      = {2019},
  pages    = {614-618},
  month     = {Sep.},
  doi       = {10.1109/ICIP.2019.8803792},
  issn      = {1522-4880},
}

@Article{Rao1999,
  author        = {Rao, Rajesh P. N. and Ballard, Dana H.},
  title         = {Predictive coding in the visual cortex: a functional interpretation of some extra-classical receptive-field effects},
  journal       = {Nature Neuroscience},
  year          = {1999},
  volume        = {2},
  number        = {1},
  pages        = {79-87},
  issn          = {1546-1726},
  doi           = {10.1038/4580},
}

@Article{Fushishita2019,
  author  = {Naoya Fushishita and Antonio Tejero{-}de{-}Pablos and Yusuke Mukuta and Tatsuya Harada},
  title   = {Long-Term Video Generation of Multiple Futures Using Human Poses},
  journal = {arXiv:1904.07538},
  year    = {2019},
}

@InProceedings{Hu2019,
  author    = {Hu, Zhihang and Wang, Jason},
  title     = {A Novel Adversarial Inference Framework for Video Prediction with Action Control},
  booktitle = {ICCV Workshops},
  year      = {2019}
}

@InProceedings{Chung2015,
  author    = {Junyoung Chung and Kyle Kastner and Laurent Dinh and Kratarth Goel and Aaron C. Courville and Yoshua Bengio},
  title     = {A Recurrent Latent Variable Model for Sequential Data},
  booktitle = {{N}eur{IPS}},
  year      = {2015},
  pages    = {2980--2988},
}

@InProceedings{Salimans2016,
  author    = {Tim Salimans and Ian J. Goodfellow and Wojciech Zaremba and Vicki Cheung and Alec Radford and Xi Chen},
  title     = {Improved Techniques for Training GANs},
  booktitle = {{N}eur{IPS}},
  year      = {2016},
  pages    = {2226--2234},
}

@InProceedings{Kingma2018,
  author    = {Diederik P. Kingma and Prafulla Dhariwal},
  title     = {Glow: Generative Flow with Invertible 1x1 Convolutions},
  booktitle = {NeurIPS},
  year      = {2018},
  pages    = {10236--10245},
}

@Article{Jakab2018,
  author  = {Tomas Jakab and Ankush Gupta and Hakan Bilen and Andrea Vedaldi},
  title   = {Conditional Image Generation for Learning the Structure of Visual Objects},
  journal = {arXiv:1806.07823},
  year    = {2018},
}

@InProceedings{Zhang2018,
  author    = {Yuting Zhang and Yijie Guo and Yixin Jin and Yijun Luo and Zhiyuan He and Honglak Lee},
  title     = {Unsupervised Discovery of Object Landmarks as Structural Representations},
  booktitle = {{CVPR}},
  year      = {2018},
  pages    = {2694--2703},
}

@InProceedings{Zhan2019,
  author    = {Eric Zhan and Stephan Zheng and Yisong Yue and Long Sha and Patrick Lucey},
  title     = {Generating Multi-Agent Trajectories using Programmatic Weak Supervision},
  booktitle = {{ICLR}},
  year      = {2019},
}

@InProceedings{Yi2017,
  author    = {Zili Yi and Hao (Richard) Zhang and Ping Tan and Minglun Gong},
  title     = {DualGAN: Unsupervised Dual Learning for Image-to-Image Translation},
  booktitle = {{ICCV}},
  year      = {2017},
  pages    = {2868--2876},
}

@InProceedings{Zhu2017,
  author    = {Jun{-}Yan Zhu and Taesung Park and Phillip Isola and Alexei A. Efros},
  title     = {Unpaired Image-to-Image Translation Using Cycle-Consistent Adversarial Networks},
  booktitle = {{ICCV}},
  year      = {2017},
  pages    = {2242--2251},
}

@InProceedings{Luo2017a,
  author    = {Weixin Luo and Wen Liu and Shenghua Gao},
  title     = {A Revisit of Sparse Coding Based Anomaly Detection in Stacked {RNN} Framework},
  booktitle = {{ICCV}},
  year      = {2017},
  pages    = {341--349}
}

@InProceedings{Ravanbakhsh2017,
  author    = {Mahdyar Ravanbakhsh and Moin Nabi and Enver Sangineto and Lucio Marcenaro and Carlo S. Regazzoni and Nicu Sebe},
  title     = {Abnormal event detection in videos using generative adversarial nets},
  booktitle = {{ICIP}},
  year      = {2017},
  pages    = {1577--1581},
}

@Article{Hildreth1980,
  author  = {Hildreth, E},
  title   = {Theory of edge detection},
  journal = {Proc. of Royal Society of London},
  year    = {1980},
  volume  = {207},
  number  = {187-217},
 pages  = {9},
}

@InProceedings{Stollenga2015,
  author    = {Stollenga, Marijn F. and Byeon, Wonmin and Liwicki, Marcus and Schmidhuber, Juergen},
  title     = {Parallel Multi-Dimensional LSTM, with Application to Fast Biomedical Volumetric Image Segmentation},
  booktitle = {NeurIPS},
  year      = {2015},
  pages    = {2998–3006},
  numpages  = {9},
}

@InProceedings{Graves2007,
  author    = {Alex Graves and Santiago Fern{\'{a}}ndez and J{\"{u}}rgen Schmidhuber},
  title     = {Multi-dimensional Recurrent Neural Networks},
  booktitle = {{ICANN}},
  year      = {2007},
  volume    = {4668},
  pages    = {549--558},
}

@InProceedings{Zhang2017a,
  author    = {Junbo Zhang and Yu Zheng and Dekang Qi},
  title     = {Deep Spatio-Temporal Residual Networks for Citywide Crowd Flows Prediction},
  booktitle = {{AAAI}},
  year      = {2017},
  pages    = {1655--1661},
}

@InProceedings{Goyal2017,
  author    = {Raghav Goyal and Samira Ebrahimi Kahou and Vincent Michalski and Joanna Materzynska and Susanne Westphal and Heuna Kim and Valentin Haenel and Ingo Fr{\"{u}}nd and Peter Yianilos and Moritz Mueller{-}Freitag and Florian Hoppe and Christian Thurau and Ingo Bax and Roland Memisevic},
  title     = {The "Something Something" Video Database for Learning and Evaluating Visual Common Sense},
  booktitle = {{ICCV}},
  year      = {2017},
  pages    = {5843--5851},
}

@InProceedings{Karras2018,
  author    = {Tero Karras and Timo Aila and Samuli Laine and Jaakko Lehtinen},
  title     = {Progressive Growing of GANs for Improved Quality, Stability, and Variation},
  booktitle = {{ICLR}},
  year      = {2018},
}

@InProceedings{Gulrajani2017,
  author    = {Ishaan Gulrajani and Faruk Ahmed and Mart{\'{\i}}n Arjovsky and Vincent Dumoulin and Aaron C. Courville},
  title     = {Improved Training of Wasserstein GANs},
  booktitle = {{N}eur{IPS}},
  year      = {2017},
 pages    = {5767--5777},
}

@Article{Garcia2018a,
  author    = {Alberto Garcia-Garcia and Sergio Orts-Escolano and Sergiu Oprea and Victor Villena-Martinez and Pablo Martinez-Gonzalez and Jose Garcia-Rodriguez},
  title     = {A survey on deep learning techniques for image and video semantic segmentation},
  journal   = {Applied Soft Computing},
  year      = {2018},
  volume    = {70},
  pages    = {41--65},
  month     = sep,
  doi       = {10.1016/j.asoc.2018.05.018},
}

@Article{Kong2018,
  author  = {Yu Kong and Yun Fu},
  title   = {Human Action Recognition and Prediction: {A} Survey},
  journal = {arXiv:1806.11230},
  year    = {2018},
}

@Article{Sahin2020,
  author  = {Caner Sahin and Guillermo Garcia{-}Hernando and Juil Sock and Tae{-}Kyun Kim},
  title   = {A Review on Object Pose Recovery: from 3D Bounding Box Detectors to Full 6D Pose Estimators},
  journal = {arXiv:2001.10609},
  year    = {2020},
}

@InProceedings{Jain2007,
  author    = {Viren Jain and Joseph F. Murray and Fabian Roth and Srinivas C. Turaga and Valentin P. Zhigulin and Kevin L. Briggman and Moritz Helmstaedter and Winfried Denk and H. Sebastian Seung},
  title     = {Supervised Learning of Image Restoration with Convolutional Networks},
  booktitle = {{ICCV}},
  year      = {2007},
  pages    = {1--8},
}

@InProceedings{Oord2016a,
  author    = {A{\"{a}}ron van den Oord and Nal Kalchbrenner and Lasse Espeholt and Koray Kavukcuoglu and Oriol Vinyals and Alex Graves},
  title     = {Conditional Image Generation with PixelCNN Decoders},
  booktitle = {{N}eur{IPS}},
  year      = {2016},
  pages    = {4790--4798},
}

@InProceedings{Arjovsky2017,
  author    = {Mart{\'{\i}}n Arjovsky and L{\'{e}}on Bottou},
  title     = {Towards Principled Methods for Training Generative Adversarial Networks},
  booktitle = {{ICLR}},
  year      = {2017},
}

@InProceedings{Sonderby2016,
  author    = {Casper Kaae S{\o}nderby and Tapani Raiko and Lars Maal{\o}e and S{\o}ren Kaae S{\o}nderby and Ole Winther},
  title     = {Ladder Variational Autoencoders},
  booktitle = {{N}eur{IPS}},
  year      = {2016},
  pages    = {3738--3746},
}

@Article{Dasari2019,
	author    = {Sudeep Dasari and Frederik Ebert and Stephen Tian and Suraj Nair and Bernadette Bucher and Karl Schmeckpeper and Siddharth Singh and Sergey Levine and Chelsea Finn},
	title     = {RoboNet: Large-Scale Multi-Robot Learning},
	journal   = {arXiv:1910.11215},
	year      = 2019,
}

@InProceedings{Premont-Schwarz2017,
  author    = {Isabeau Pr{\'{e}}mont{-}Schwarz and Alexander Ilin and Tele Hao and Antti Rasmus and Rinu Boney and Harri Valpola},
  title     = {Recurrent Ladder Networks},
  booktitle = {{N}eur{IPS}},
  year      = {2017},
  pages    = {6009--6019},
}

@InProceedings{Liu2018a,
  author    = {Wen Liu and Weixin Luo and Dongze Lian and Shenghua Gao},
  title     = {Future Frame Prediction for Anomaly Detection - {A} New Baseline},
  booktitle = {{CVPR}},
  year      = {2018},
  pages    = {6536--6545}
}

@Article{Neal1992,
  author  = {Radford M. Neal},
  title   = {Connectionist Learning of Belief Networks},
  journal = {Artif. Intell.},
  year    = {1992},
  volume  = {56},
  number  = {1},
  pages  = {71--113},
}

@InProceedings{Bengio1999,
  author    = {Bengio, Yoshua and Bengio, Samy},
  title     = {Modeling High-Dimensional Discrete Data with Multi-Layer Neural Networks},
  booktitle = {NeurIPS},
  year      = {1999},
  pages    = {400–406},
  numpages  = {7},
}

@InProceedings{Jhuang2013,
  author    = {Hueihan Jhuang and Juergen Gall and Silvia Zuffi and Cordelia Schmid and Michael J. Black},
  title     = {Towards Understanding Action Recognition},
  booktitle = {{ICCV}},
  year      = {2013},
  pages    = {3192--3199},
}

@InProceedings{Zhang2018a,
  author    = {Richard Zhang and Phillip Isola and Alexei A. Efros and Eli Shechtman and Oliver Wang},
  title     = {The Unreasonable Effectiveness of Deep Features as a Perceptual Metric},
  booktitle = {{CVPR}},
  year      = {2018},
  pages    = {586--595},
}

@article{Villena2020,
  doi = {10.3390/app10217524},
  url = {https://doi.org/10.3390/app10217524},
  year = {2020},
  month = oct,
  publisher = {{MDPI} {AG}},
  volume = {10},
  number = {21},
  pages = {7524},
  author = {Victor Villena-Martinez and Sergiu Oprea and Marcelo Saval-Calvo and Jorge Azorin-Lopez and Andres Fuster-Guillo and Robert B. Fisher},
  title = {When Deep Learning Meets Data Alignment: A Review on Deep Registration Networks ({DRNs})},
  journal = {Applied Sciences}
}

@phdthesis{Luc2019,
  TITLE = {{Self-supervised learning of predictive segmentation models from video}},
  AUTHOR = {Luc, Pauline},
  URL = {https://tel.archives-ouvertes.fr/tel-02196890},
  NUMBER = {2019GREAM024},
  SCHOOL = {{Universit{\'e} Grenoble Alpes}},
  YEAR = {2019},
  MONTH = Jun,
  TYPE = {Theses},
  PDF = {https://tel.archives-ouvertes.fr/tel-02196890/file/LUC_2019_archivage.pdf},
  HAL_ID = {tel-02196890},
  HAL_VERSION = {v2},
}

@article{Mozaffari2019,
  author    = {Sajjad Mozaffari and Omar Y. Al{-}Jarrah and Mehrdad Dianati and Paul A. Jennings and Alexandros Mouzakitis},
  title     = {Deep Learning-based Vehicle Behaviour Prediction For Autonomous Driving Applications: {A} Review},
  journal   = {arXiv:1912.11676},
  year      = {2019}
}

@InCollection{Shi2017,
  author    = {Shi, Xingjian and Gao, Zhihan and Lausen, Leonard and Wang, Hao and Yeung, Dit-Yan and Wong, Wai-kin and WOO, Wang-chun},
  title     = {Deep Learning for Precipitation Nowcasting: A Benchmark and A New Model},
  booktitle = {NeurIPS},
  year      = {2017},
  pages    = {5617--5627},
}

@Article{Luc2020,
  author  = {Pauline Luc and Aidan Clark and Sander Dieleman and Diego de Las Casas and Yotam Doron and Albin Cassirer and Karen Simonyan},
  title   = {Transformation-based Adversarial Video Prediction on Large-Scale Data},
  journal = {arXiv:2003.04035},
  year    = {2020},
}

@Article{Carreira2018,
  author  = {Jo{\~{a}}o Carreira and Eric Noland and Andras Banki{-}Horvath and Chloe Hillier and Andrew Zisserman},
  title   = {A Short Note about Kinetics-600},
  journal = {arXiv:1808.01340},
  year    = {2018},
}

@Article{Clark2019,
  author        = {Aidan Clark and Jeff Donahue and Karen Simonyan},
  title         = {Adversarial Video Generation on Complex Datasets},
  year          = {2019},
  journal       = {arXiv:1907.06571},
}

@InProceedings{Hao2018,
  author    = {Zekun Hao and Xun Huang and Serge J. Belongie},
  title     = {Controllable Video Generation With Sparse Trajectories},
  booktitle = {{CVPR}},
  year      = {2018},
  pages    = {7854--7863},
}

@InProceedings{Gao2019,
  author    = {Hang Gao and Huazhe Xu and Qi{-}Zhi Cai and Ruth Wang and Fisher Yu and Trevor Darrell},
  title     = {Disentangling Propagation and Generation for Video Prediction},
  booktitle = {{ICCV}},
  year      = {2019},
  pages    = {9005--9014},
}

@inproceedings{Wu2020,
  author    = {Yue Wu and
               Rongrong Gao and
               Jaesik Park and
               Qifeng Chen},
  title     = {Future Video Synthesis With Object Motion Prediction},
  booktitle = {{CVPR}},
  pages     = {5538--5547},
  year      = {2020}
}

@inproceedings{Jin2020,
  author    = {Beibei Jin and
               Yu Hu and
               Qiankun Tang and
               Jingyu Niu and
               Zhiping Shi and
               Yinhe Han and
               Xiaowei Li},
  title     = {Exploring Spatial-Temporal Multi-Frequency Analysis for High-Fidelity
               and Temporal-Consistency Video Prediction},
  booktitle = {{CVPR}},
  pages     = {4553--4562},
  year      = {2020}
}

@InProceedings{Menze2015,
  author    = {Moritz Menze and Andreas Geiger},
  title     = {Object scene flow for autonomous vehicles},
  booktitle = {{CVPR}},
  year      = {2015},
  pages    = {3061--3070},
}

@InProceedings{Janai2018,
  author    = {Joel Janai and Fatma G{\"{u}}ney and Anurag Ranjan and Michael J. Black and Andreas Geiger},
  title     = {Unsupervised Learning of Multi-Frame Optical Flow with Occlusions},
  booktitle = {ECCV},
  year      = {2018},
  volume    = {11220},
  pages    = {713--731},
}

@InProceedings{Jin2018,
  author    = {B. {Jin} and Y. {Hu} and Y. {Zeng} and Q. {Tang} and S. {Liu} and J. {Ye}},
  title     = {VarNet: Exploring Variations for Unsupervised Video Prediction},
  booktitle = {IROS},
  year      = {2018},
  pages    = {5801-5806},
}

@inproceedings{Lee2018a,
  author    = {Jungbeom Lee and
               Jangho Lee and
               Sungmin Lee and
               Sungroh Yoon},
  title     = {Mutual Suppression Network for Video Prediction using Disentangled
               Features},
  booktitle = {{BMVC}},
  pages     = {296},
  year      = {2019}
}

@inproceedings{Hu2020,
  author    = {Anthony Hu and Fergal Cotter and Nikhil Mohan and Corina Gurau and Alex Kendall},
  title     = {Probabilistic Future Prediction for Video Scene Understanding},
  booktitle = {{ECCV}},
  pages     = {767--785},
  year      = {2020},
  doi       = {10.1007/978-3-030-58517-4\_45}
}

@InProceedings{Kohl2018,
  author    = {Kohl, Simon and Romera-Paredes, Bernardino and Meyer, Clemens and De Fauw, Jeffrey and Ledsam, Joseph R and Maier-Hein, Klaus and Eslami, SM Ali and Rezende, Danilo Jimenez and Ronneberger, Olaf},
  title     = {A probabilistic u-net for segmentation of ambiguous images},
  booktitle = {NeurIPS},
  year      = {2018},
  pages    = {6965--6975},
}

@article{Yu2018,
  author    = {Fisher Yu and Wenqi Xian and Yingying Chen and Fangchen Liu and Mike Liao and Vashisht Madhavan and  Trevor Darrell},
  title     = {{BDD100K:} {A} Diverse Driving Video Database with Scalable Annotation Tooling},
  journal   = {arXiv:1805.04687},
  year      = {2018}
}

@InProceedings{Neuhold2017,
  author    = {Gerhard Neuhold and Tobias Ollmann and Samuel Rota Bul{\`{o}} and Peter Kontschieder},
  title     = {The Mapillary Vistas Dataset for Semantic Understanding of Street Scenes},
  booktitle = {{ICCV}},
  year      = {2017},
  pages    = {5000--5009},
}

@article{Shouno2020,
  author    = {Osamu Shouno},
  title     = {Photo-Realistic Video Prediction on Natural Videos of Largely Changing Frames},
  journal   = {arXiv:2003.08635},
  year      = {2020}
}

@inproceedings{Weissenborn2020,
title	= {Scaling Autoregressive Video Models},
author	= {Dirk Weissenborn and Jakob Uszkoreit and Oscar Täckström},
year	= {2020},
booktitle	= {ICLR}
}

@inproceedings{Yu2020,
    title={Efficient and Information-Preserving Future Frame Prediction and Beyond},
    author={Wei Yu and Yichao Lu and Steve Easterbrook and Sanja Fidler},
    booktitle={{ICLR}},
    year={2020},
}

@misc{traffic4cast,
  title = {Traffic4cast: Traffic map movie forecasting},
  howpublished = {\url{https://www.iarai.ac.at/traffic4cast/}},
  note = {Accessed: 2020-04-14}
}

@inproceedings{Dinh2015,
  author    = {Laurent Dinh and
               David Krueger and
               Yoshua Bengio},
  title     = {{NICE:} Non-linear Independent Components Estimation},
  booktitle = {{ICLR} (Workshop)},
  year      = {2015}
}

@inproceedings{Finn2017,
  author    = {Chelsea Finn and Sergey Levine},
  title     = {Deep visual foresight for planning robot motion},
  booktitle = {{ICRA}},
  pages     = {2786--2793},
  year      = {2017}
}

@inproceedings{Xie2019,
  doi = {10.15607/rss.2019.xv.001},
  url = {https://doi.org/10.15607/rss.2019.xv.001},
  year = {2019},
  month = jun,
  publisher = {Robotics: Science and Systems Foundation},
  author = {Annie Xie and Frederik Ebert and Sergey Levine and Chelsea Finn},
  title = {Improvisation through Physical Understanding: Using Novel Objects As Tools with Visual Foresight},
  booktitle = {Robotics: Science and Systems {XV}}
}

@article{Ebert2018,
  author    = {Frederik Ebert and Chelsea Finn and Sudeep Dasari and Annie Xie and
               Alex X. Lee and Sergey Levine},
  title     = {Visual Foresight: Model-Based Deep Reinforcement Learning for Vision-Based Robotic Control},
  journal   = {arxiv:1812.00568},
  year      = {2018}
}

@article{Choi2020,
  author    = {Chiho Choi},
  title     = {Shared Cross-Modal Trajectory Prediction for Autonomous Driving},
  journal   = {arxiv:2004.00202},
  year      = {2020}
}

@inproceedings{Gammulle2019,
  author    = {Harshala Gammulle and Simon Denman and Sridha Sridharan and Clinton Fookes},
  title     = {Predicting the Future: {A} Jointly Learnt Model for Action Anticipation},
  booktitle = {{ICCV}},
  pages     = {5561--5570},
  year      = {2019}
}

@inproceedings{Opazo2018,
  author    = {Cristian Rodriguez Opazo and Basura Fernando and Hongdong Li},
  title     = {Action Anticipation by Predicting Future Dynamic Images},
  booktitle = {{ECCV} Workshops {(3)}},
  pages     = {89--105},
  year      = {2018}
}

@ARTICLE{Koppula2016,
  author={H. S. {Koppula} and A. {Saxena}},
  journal={TPAMI}, 
  title={Anticipating Human Activities Using Object Affordances for Reactive Robotic Response}, 
  year={2016},
  volume={38},
  number={1},
  pages={14-29},
  doi={10.1109/TPAMI.2015.2430335}}
  
@inproceedings{Hafner2019,
  author    = {Danijar Hafner and Timothy P. Lillicrap and Ian Fischer and Ruben Villegas and David Ha and Honglak Lee and James Davidson},
  title     = {Learning Latent Dynamics for Planning from Pixels},
  booktitle = {{ICML}},
  series    = {Proceedings of Machine Learning Research},
  volume    = {97},
  pages     = {2555--2565},
  year      = {2019}
}

@inproceedings{Kaiser2020,
  author    = {Lukasz Kaiser and Mohammad Babaeizadeh and Piotr Milos and Blazej Osinski and Roy H. Campbell and Konrad Czechowski and Dumitru Erhan and Chelsea Finn and Piotr Kozakowski and Sergey Levine and Afroz Mohiuddin and Ryan Sepassi and George Tucker and Henryk Michalewski},
  title     = {Model Based Reinforcement Learning for Atari},
  booktitle = {{ICLR}},
  year      = {2020}
}

@inproceedings{Greff2017,
  author    = {Klaus Greff and Sjoerd van Steenkiste and J{\"{u}}rgen Schmidhuber},
  title     = {Neural Expectation Maximization},
  booktitle = {{N}eur{IPS}},
  pages     = {6691--6701},
  year      = {2017}
}

@inproceedings{Steenkiste2018,
  author    = {Sjoerd van Steenkiste and Michael Chang and Klaus Greff and J{\"{u}}rgen Schmidhuber},
  title     = {Relational Neural Expectation Maximization: Unsupervised Discovery of Objects and their Interactions},
  booktitle = {{ICLR} (Poster)},
  year      = {2018}
}

@inproceedings{Steenkiste2019,
  author    = {Sjoerd van Steenkiste and Francesco Locatello and J{\"{u}}rgen Schmidhuber and Olivier Bachem},
  title     = {Are Disentangled Representations Helpful for Abstract Visual Reasoning?},
  booktitle = {NeurIPS},
  pages     = {14222--14235},
  year      = {2019}
}

@inproceedings{Hafner2020,
  author    = {Danijar Hafner and Timothy P. Lillicrap and Jimmy Ba and Mohammad Norouzi},
  title     = {Dream to Control: Learning Behaviors by Latent Imagination},
  booktitle = {{ICLR}},
  year      = {2020}
}

@inproceedings{Caesar2019,
  author    = {Holger Caesar and
               Varun Bankiti and
               Alex H. Lang and
               Sourabh Vora and
               Venice Erin Liong and
               Qiang Xu and
               Anush Krishnan and
               Yu Pan and
               Giancarlo Baldan and
               Oscar Beijbom},
  title     = {nuScenes: {A} Multimodal Dataset for Autonomous Driving},
  booktitle = {{CVPR}},
  pages     = {11618--11628},
  year      = {2020}
}

@InProceedings{Sun2020,
  author = {Sun, Pei and Kretzschmar, Henrik and Dotiwalla, Xerxes and Chouard, Aurelien and Patnaik, Vijaysai and Tsui, Paul and Guo, James and Zhou, Yin and Chai, Yuning and Caine, Benjamin and Vasudevan, Vijay and Han, Wei and Ngiam, Jiquan and Zhao, Hang and Timofeev, Aleksei and Ettinger, Scott and Krivokon, Maxim and Gao, Amy and Joshi, Aditya and Zhang, Yu and Shlens, Jonathon and Chen, Zhifeng and Anguelov, Dragomir},
  title = {Scalability in Perception for Autonomous Driving: Waymo Open Dataset},
  booktitle = {CVPR},
  year = {2020}
}

@article{Aigner2020,
  author    = {Sandra Aigner and Marco K{\"{o}}rner},
  title     = {The Importance of Loss Functions for Increasing the Generalization Abilities of a Deep Learning-Based Next Frame Prediction Model for Traffic Scenes},
  journal   = {Machine Learning and Knowledge Extraction},
  volume    = {2},
  number    = {2},
  pages     = {78--98},
  year      = {2020}
}

@inproceedings{Saric2020,
  author    = {Josip Saric and Marin Orsic and Tonci Antunovic and Sacha Vrazic and Sinisa Segvic},
  title     = {Warp to the Future: Joint Forecasting of Features and Feature Motion},
  booktitle = {{CVPR}},
  pages     = {10645--10654},
  year      = {2020}
}

@inproceedings{Kumar2020,
  author    = {Manoj Kumar and Mohammad Babaeizadeh and Dumitru Erhan and Chelsea Finn and Sergey Levine and Laurent Dinh and Durk Kingma},
  title     = {VideoFlow: {A} Conditional Flow-Based Model for Stochastic Video Generation},
  booktitle = {{ICLR}},
  year      = {2020}
}

@Comment{jabref-meta: databaseType:bibtex;}

% This file was created with JabRef 2.10.
% Encoding: UTF-8
